trade_time,price,price_change,volume,成交金额,trade_type,trade_date,stock_code
09:25:00,39.0,0.62,13773,53714700,买盘,2005-03-03,sh603200
09:30:00,39.15,0.15,589,2300149,买盘,2005-03-03,sh603200
09:30:04,38.95,-0.2,1669,6521481,卖盘,2005-03-03,sh603200
09:30:06,38.95,0.0,2730,10646894,卖盘,2005-03-03,sh603200
09:30:10,38.91,-0.04,1664,6463737,买盘,2005-03-03,sh603200
09:30:12,38.95,0.04,1381,5366852,买盘,2005-03-03,sh603200
09:30:16,38.92,-0.03,1142,4431726,买盘,2005-03-03,sh603200
09:30:19,38.8,-0.12,1328,5154725,卖盘,2005-03-03,sh603200
09:30:22,38.95,0.15,1636,6344744,买盘,2005-03-03,sh603200
09:30:24,38.5,-0.45,1775,6864445,卖盘,2005-03-03,sh603200
09:30:28,38.66,0.16,767,2953105,买盘,2005-03-03,sh603200
09:30:31,38.31,-0.35,1057,4059031,卖盘,2005-03-03,sh603200
09:30:34,38.17,-0.14,986,3777350,卖盘,2005-03-03,sh603200
09:30:36,38.03,-0.14,1114,4246336,卖盘,2005-03-03,sh603200
09:30:39,38.0,-0.03,1339,5091602,卖盘,2005-03-03,sh603200
09:30:43,38.17,0.17,2111,8047295,买盘,2005-03-03,sh603200
09:30:46,38.5,0.33,2511,9605800,买盘,2005-03-03,sh603200
09:30:48,38.32,-0.18,1219,4691390,卖盘,2005-03-03,sh603200
09:30:51,38.7,0.38,480,1857510,中性盘,2005-03-03,sh603200
09:30:54,38.99,0.29,510,1985350,买盘,2005-03-03,sh603200
09:30:58,39.1,0.11,1441,5619266,买盘,2005-03-03,sh603200
09:31:00,39.1,0.0,684,2681050,买盘,2005-03-03,sh603200
09:31:03,39.44,0.34,288,1130874,买盘,2005-03-03,sh603200
09:31:07,39.5,0.06,238,939871,买盘,2005-03-03,sh603200
09:31:09,39.63,0.13,245,970453,买盘,2005-03-03,sh603200
09:31:12,39.73,0.1,844,3353529,买盘,2005-03-03,sh603200
09:31:16,39.93,0.2,422,1680850,买盘,2005-03-03,sh603200
09:31:18,39.97,0.04,615,2456063,买盘,2005-03-03,sh603200
09:31:21,40.19,0.22,1277,5109699,买盘,2005-03-03,sh603200
09:31:24,40.19,0.0,810,3256342,买盘,2005-03-03,sh603200
09:31:27,40.46,0.27,371,1498746,买盘,2005-03-03,sh603200
09:31:31,40.89,0.43,841,3408821,买盘,2005-03-03,sh603200
09:31:34,40.96,0.07,794,3237692,买盘,2005-03-03,sh603200
09:31:36,40.99,0.03,926,3795651,买盘,2005-03-03,sh603200
09:31:40,41.06,0.07,763,3129609,买盘,2005-03-03,sh603200
09:31:42,41.19,0.13,918,3777484,买盘,2005-03-03,sh603200
09:31:45,41.22,0.03,1776,7311279,买盘,2005-03-03,sh603200
09:31:48,41.29,0.07,812,3354774,买盘,2005-03-03,sh603200
09:31:52,41.62,0.33,1328,5504187,买盘,2005-03-03,sh603200
09:31:55,41.7,0.08,595,2487884,中性盘,2005-03-03,sh603200
09:31:57,41.7,0.0,1175,4922646,卖盘,2005-03-03,sh603200
09:32:01,41.66,-0.04,2564,10659058,卖盘,2005-03-03,sh603200
09:32:04,41.23,-0.43,2180,9034105,卖盘,2005-03-03,sh603200
09:32:07,41.22,-0.01,2477,10242934,卖盘,2005-03-03,sh603200
09:32:10,41.21,-0.01,1816,7489211,卖盘,2005-03-03,sh603200
09:32:12,41.19,-0.02,1470,6052917,卖盘,2005-03-03,sh603200
09:32:15,41.1,-0.09,763,3131077,中性盘,2005-03-03,sh603200
09:32:19,40.89,-0.21,486,1990895,卖盘,2005-03-03,sh603200
09:32:22,40.24,-0.65,376,1528058,卖盘,2005-03-03,sh603200
09:32:25,39.97,-0.27,682,2739433,卖盘,2005-03-03,sh603200
09:32:27,39.94,-0.03,501,2004005,卖盘,2005-03-03,sh603200
09:32:30,39.94,0.0,646,2587625,卖盘,2005-03-03,sh603200
09:32:34,39.97,0.03,748,2991198,中性盘,2005-03-03,sh603200
09:32:36,40.16,0.19,665,2665993,买盘,2005-03-03,sh603200
09:32:40,40.7,0.54,606,2434689,买盘,2005-03-03,sh603200
09:32:42,40.7,0.0,347,1405953,买盘,2005-03-03,sh603200
09:32:46,40.24,-0.46,505,2050553,卖盘,2005-03-03,sh603200
09:32:48,40.16,-0.08,281,1133978,卖盘,2005-03-03,sh603200
09:32:51,40.01,-0.15,362,1451361,中性盘,2005-03-03,sh603200
09:32:54,40.0,-0.01,947,3792076,卖盘,2005-03-03,sh603200
09:32:57,39.98,-0.02,306,1224513,卖盘,2005-03-03,sh603200
09:33:01,39.98,0.0,580,2318727,卖盘,2005-03-03,sh603200
09:33:03,39.92,-0.06,363,1447757,卖盘,2005-03-03,sh603200
09:33:06,39.92,0.0,619,2469606,买盘,2005-03-03,sh603200
09:33:09,39.92,0.0,960,3831665,买盘,2005-03-03,sh603200
09:33:12,39.92,0.0,882,3525678,买盘,2005-03-03,sh603200
09:33:15,40.03,0.11,590,2365215,买盘,2005-03-03,sh603200
09:33:18,40.25,0.22,444,1791551,买盘,2005-03-03,sh603200
09:33:21,40.6,0.35,158,643089,买盘,2005-03-03,sh603200
09:33:24,40.98,0.38,168,687118,买盘,2005-03-03,sh603200
09:33:28,40.93,-0.05,214,876593,卖盘,2005-03-03,sh603200
09:33:30,40.93,0.0,332,1360155,买盘,2005-03-03,sh603200
09:33:33,40.94,0.01,475,1945713,中性盘,2005-03-03,sh603200
09:33:36,40.98,0.04,678,2779055,中性盘,2005-03-03,sh603200
09:33:39,41.0,0.02,291,1196010,中性盘,2005-03-03,sh603200
09:33:42,41.0,0.0,414,1699598,卖盘,2005-03-03,sh603200
09:33:45,41.0,0.0,671,2749928,买盘,2005-03-03,sh603200
09:33:48,41.0,0.0,863,3538879,买盘,2005-03-03,sh603200
09:33:51,40.99,-0.01,656,2691395,中性盘,2005-03-03,sh603200
09:33:54,41.0,0.01,642,2632182,买盘,2005-03-03,sh603200
09:33:57,40.94,-0.06,2031,8347474,卖盘,2005-03-03,sh603200
09:34:01,40.9,-0.04,2425,9936745,卖盘,2005-03-03,sh603200
09:34:04,40.91,0.01,1109,4561495,中性盘,2005-03-03,sh603200
09:34:06,40.9,-0.01,903,3707525,卖盘,2005-03-03,sh603200
09:34:09,40.91,0.01,896,3676351,买盘,2005-03-03,sh603200
09:34:12,40.9,-0.01,2111,8626381,卖盘,2005-03-03,sh603200
09:34:15,40.93,0.03,871,3572546,买盘,2005-03-03,sh603200
09:34:18,41.47,0.54,410,1697333,买盘,2005-03-03,sh603200
09:34:21,41.47,0.0,190,785432,卖盘,2005-03-03,sh603200
09:34:24,41.32,-0.15,762,3160881,中性盘,2005-03-03,sh603200
09:34:28,41.47,0.15,835,3453186,买盘,2005-03-03,sh603200
09:34:30,41.21,-0.26,416,1716161,卖盘,2005-03-03,sh603200
09:34:33,41.32,0.11,541,2233396,买盘,2005-03-03,sh603200
09:34:36,41.31,-0.01,506,2091352,中性盘,2005-03-03,sh603200
09:34:39,41.0,-0.31,838,3456284,卖盘,2005-03-03,sh603200
09:34:42,41.3,0.3,255,1051856,买盘,2005-03-03,sh603200
09:34:45,41.22,-0.08,661,2728781,中性盘,2005-03-03,sh603200
09:34:48,41.28,0.06,354,1460100,买盘,2005-03-03,sh603200
09:34:51,41.22,-0.06,565,2328605,中性盘,2005-03-03,sh603200
09:34:54,41.24,0.02,910,3758148,中性盘,2005-03-03,sh603200
09:34:57,41.3,0.06,642,2651564,买盘,2005-03-03,sh603200
09:35:00,41.4,0.1,714,2956420,买盘,2005-03-03,sh603200
09:35:03,41.58,0.18,292,1212340,买盘,2005-03-03,sh603200
09:35:06,41.74,0.16,260,1084083,买盘,2005-03-03,sh603200
09:35:10,41.8,0.06,245,1023054,买盘,2005-03-03,sh603200
09:35:13,41.89,0.09,376,1572207,买盘,2005-03-03,sh603200
09:35:15,41.99,0.1,424,1776322,买盘,2005-03-03,sh603200
09:35:19,42.0,0.01,516,2166283,买盘,2005-03-03,sh603200
09:35:21,42.06,0.06,998,4191663,买盘,2005-03-03,sh603200
09:35:25,42.2,0.14,257,1082141,买盘,2005-03-03,sh603200
09:35:28,42.39,0.19,339,1432370,买盘,2005-03-03,sh603200
09:35:30,42.24,-0.15,800,3384733,卖盘,2005-03-03,sh603200
09:35:34,42.5,0.26,970,4115703,买盘,2005-03-03,sh603200
09:35:36,42.58,0.08,525,2237079,买盘,2005-03-03,sh603200
09:35:39,42.7,0.12,912,3882569,买盘,2005-03-03,sh603200
09:35:42,42.9,0.2,272,1164925,买盘,2005-03-03,sh603200
09:35:46,42.9,0.0,448,1922228,买盘,2005-03-03,sh603200
09:35:48,43.2,0.3,691,2970676,买盘,2005-03-03,sh603200
09:35:52,43.25,0.05,705,3035528,买盘,2005-03-03,sh603200
09:35:54,43.26,0.01,731,3157459,买盘,2005-03-03,sh603200
09:35:58,43.36,0.1,611,2648329,买盘,2005-03-03,sh603200
09:36:01,43.44,0.08,1694,7340909,买盘,2005-03-03,sh603200
09:36:04,43.45,0.01,667,2899860,买盘,2005-03-03,sh603200
09:36:07,43.25,-0.2,2261,9817310,卖盘,2005-03-03,sh603200
09:36:10,43.21,-0.04,2490,10731945,卖盘,2005-03-03,sh603200
09:36:12,42.68,-0.53,817,3510325,卖盘,2005-03-03,sh603200
09:36:15,42.54,-0.14,1157,4922222,卖盘,2005-03-03,sh603200
09:36:19,42.24,-0.3,317,1343424,卖盘,2005-03-03,sh603200
09:36:22,42.0,-0.24,867,3654358,卖盘,2005-03-03,sh603200
09:36:24,41.94,-0.06,370,1556897,卖盘,2005-03-03,sh603200
09:36:28,41.99,0.05,471,1975394,买盘,2005-03-03,sh603200
09:36:30,41.98,-0.01,600,2517586,中性盘,2005-03-03,sh603200
09:36:33,42.01,0.03,692,2905810,买盘,2005-03-03,sh603200
09:36:37,42.08,0.07,346,1457657,中性盘,2005-03-03,sh603200
09:36:40,42.2,0.12,355,1496241,买盘,2005-03-03,sh603200
09:36:42,42.39,0.19,1179,4975592,买盘,2005-03-03,sh603200
09:36:45,42.39,0.0,371,1569629,买盘,2005-03-03,sh603200
09:36:48,42.41,0.02,347,1472378,买盘,2005-03-03,sh603200
09:36:52,42.55,0.14,295,1252704,买盘,2005-03-03,sh603200
09:36:55,42.57,0.02,92,391252,买盘,2005-03-03,sh603200
09:36:58,42.64,0.07,404,1720206,买盘,2005-03-03,sh603200
09:37:01,42.64,0.0,427,1819636,买盘,2005-03-03,sh603200
09:37:03,42.67,0.03,635,2708791,中性盘,2005-03-03,sh603200
09:37:06,42.7,0.03,547,2336487,买盘,2005-03-03,sh603200
09:37:10,42.8,0.1,454,1940720,买盘,2005-03-03,sh603200
09:37:12,42.88,0.08,227,972516,买盘,2005-03-03,sh603200
09:37:16,43.0,0.12,862,3703791,买盘,2005-03-03,sh603200
09:37:19,43.0,0.0,243,1043894,买盘,2005-03-03,sh603200
09:37:22,43.02,0.02,250,1075805,买盘,2005-03-03,sh603200
09:37:24,43.1,0.08,317,1365799,买盘,2005-03-03,sh603200
09:37:28,43.11,0.01,785,3383689,中性盘,2005-03-03,sh603200
09:37:30,43.21,0.1,485,2095446,买盘,2005-03-03,sh603200
09:37:34,43.23,0.02,730,3152917,中性盘,2005-03-03,sh603200
09:37:36,43.31,0.08,575,2486411,买盘,2005-03-03,sh603200
09:37:39,43.31,0.0,386,1671650,买盘,2005-03-03,sh603200
09:37:43,43.4,0.09,404,1751121,买盘,2005-03-03,sh603200
09:37:45,43.42,0.02,635,2755007,买盘,2005-03-03,sh603200
09:37:48,43.45,0.03,1304,5654424,买盘,2005-03-03,sh603200
09:37:51,43.48,0.03,782,3395599,买盘,2005-03-03,sh603200
09:37:54,43.5,0.02,1131,4907626,买盘,2005-03-03,sh603200
09:37:57,43.53,0.03,785,3409958,买盘,2005-03-03,sh603200
09:38:00,43.55,0.02,546,2376321,买盘,2005-03-03,sh603200
09:38:03,43.6,0.05,843,3670945,买盘,2005-03-03,sh603200
09:38:06,43.6,0.0,655,2854494,买盘,2005-03-03,sh603200
09:38:09,43.69,0.09,529,2308814,中性盘,2005-03-03,sh603200
09:38:13,43.74,0.05,568,2478746,买盘,2005-03-03,sh603200
09:38:15,43.76,0.02,505,2207054,买盘,2005-03-03,sh603200
09:38:19,43.83,0.07,315,1379185,买盘,2005-03-03,sh603200
09:38:22,43.85,0.02,1032,4518402,买盘,2005-03-03,sh603200
09:38:24,43.89,0.04,533,2339993,买盘,2005-03-03,sh603200
09:38:28,43.94,0.05,382,1680127,买盘,2005-03-03,sh603200
09:38:30,43.99,0.05,699,3072044,买盘,2005-03-03,sh603200
09:38:34,44.0,0.01,1040,4575244,买盘,2005-03-03,sh603200
09:38:36,44.0,0.0,564,2481384,买盘,2005-03-03,sh603200
09:38:39,43.99,-0.01,1100,4836004,卖盘,2005-03-03,sh603200
09:38:42,43.74,-0.25,1244,5458347,卖盘,2005-03-03,sh603200
09:38:45,43.6,-0.14,1166,5099271,卖盘,2005-03-03,sh603200
09:38:48,43.43,-0.17,531,2309798,卖盘,2005-03-03,sh603200
09:38:51,43.2,-0.23,473,2045659,卖盘,2005-03-03,sh603200
09:38:54,43.0,-0.2,298,1284952,卖盘,2005-03-03,sh603200
09:38:58,42.91,-0.09,615,2648906,卖盘,2005-03-03,sh603200
09:39:01,42.8,-0.11,217,930582,卖盘,2005-03-03,sh603200
09:39:04,42.7,-0.1,189,808202,卖盘,2005-03-03,sh603200
09:39:07,42.67,-0.03,319,1363328,卖盘,2005-03-03,sh603200
09:39:10,42.63,-0.04,274,1168706,卖盘,2005-03-03,sh603200
09:39:13,42.58,-0.05,728,3102671,卖盘,2005-03-03,sh603200
09:39:16,42.47,-0.11,196,833142,卖盘,2005-03-03,sh603200
09:39:19,42.35,-0.12,274,1161682,卖盘,2005-03-03,sh603200
09:39:22,42.32,-0.03,313,1325129,卖盘,2005-03-03,sh603200
09:39:25,42.03,-0.29,242,1021592,卖盘,2005-03-03,sh603200
09:39:28,42.01,-0.02,245,1029376,卖盘,2005-03-03,sh603200
09:39:30,42.01,0.0,849,3567561,卖盘,2005-03-03,sh603200
09:39:34,42.0,-0.01,382,1604319,卖盘,2005-03-03,sh603200
09:39:37,41.96,-0.04,347,1456232,卖盘,2005-03-03,sh603200
09:39:39,41.8,-0.16,347,1455278,卖盘,2005-03-03,sh603200
09:39:43,41.78,-0.02,227,950354,卖盘,2005-03-03,sh603200
09:39:45,41.73,-0.05,330,1377664,卖盘,2005-03-03,sh603200
09:39:48,41.6,-0.13,387,1614846,卖盘,2005-03-03,sh603200
09:39:52,41.59,-0.01,274,1138534,中性盘,2005-03-03,sh603200
09:39:54,41.5,-0.09,846,3517298,卖盘,2005-03-03,sh603200
09:39:57,41.35,-0.15,216,894969,卖盘,2005-03-03,sh603200
09:40:00,41.25,-0.1,485,2003422,卖盘,2005-03-03,sh603200
09:40:04,41.19,-0.06,661,2724896,卖盘,2005-03-03,sh603200
09:40:07,41.0,-0.19,564,2319621,卖盘,2005-03-03,sh603200
09:40:10,41.0,0.0,433,1778878,卖盘,2005-03-03,sh603200
09:40:13,41.0,0.0,426,1747670,卖盘,2005-03-03,sh603200
09:40:16,40.79,-0.21,459,1874558,卖盘,2005-03-03,sh603200
09:40:18,40.38,-0.41,441,1797544,卖盘,2005-03-03,sh603200
09:40:22,39.98,-0.4,718,2885996,卖盘,2005-03-03,sh603200
09:40:25,40.02,0.04,853,3414454,买盘,2005-03-03,sh603200
09:40:27,40.34,0.32,979,3937599,中性盘,2005-03-03,sh603200
09:40:30,40.9,0.56,400,1626608,买盘,2005-03-03,sh603200
09:40:34,40.9,0.0,326,1330081,买盘,2005-03-03,sh603200
09:40:36,40.9,0.0,364,1488960,买盘,2005-03-03,sh603200
09:40:40,40.9,0.0,675,2762919,卖盘,2005-03-03,sh603200
09:40:42,41.2,0.3,248,1021509,买盘,2005-03-03,sh603200
09:40:45,41.24,0.04,259,1066981,买盘,2005-03-03,sh603200
09:40:49,41.24,0.0,299,1233009,买盘,2005-03-03,sh603200
09:40:52,41.22,-0.02,688,2837437,卖盘,2005-03-03,sh603200
09:40:55,41.24,0.02,468,1930506,买盘,2005-03-03,sh603200
09:40:57,41.01,-0.23,642,2643361,卖盘,2005-03-03,sh603200
09:41:00,41.24,0.23,333,1372701,买盘,2005-03-03,sh603200
09:41:04,41.18,-0.06,630,2598281,卖盘,2005-03-03,sh603200
09:41:06,41.0,-0.18,785,3222817,卖盘,2005-03-03,sh603200
09:41:09,41.24,0.24,497,2047790,买盘,2005-03-03,sh603200
09:41:12,41.21,-0.03,114,469983,卖盘,2005-03-03,sh603200
09:41:16,41.31,0.1,128,527759,买盘,2005-03-03,sh603200
09:41:18,41.46,0.15,349,1439442,买盘,2005-03-03,sh603200
09:41:21,41.46,0.0,227,939388,买盘,2005-03-03,sh603200
09:41:24,41.49,0.03,238,985836,买盘,2005-03-03,sh603200
09:41:27,41.71,0.22,191,794052,买盘,2005-03-03,sh603200
09:41:30,41.71,0.0,79,329215,买盘,2005-03-03,sh603200
09:41:33,41.76,0.05,165,688651,买盘,2005-03-03,sh603200
09:41:37,41.76,0.0,288,1200738,买盘,2005-03-03,sh603200
09:41:40,41.8,0.04,306,1279447,买盘,2005-03-03,sh603200
09:41:42,41.83,0.03,173,723508,中性盘,2005-03-03,sh603200
09:41:45,41.97,0.14,176,737375,买盘,2005-03-03,sh603200
09:41:48,41.88,-0.09,235,985588,卖盘,2005-03-03,sh603200
09:41:51,41.82,-0.06,801,3350235,卖盘,2005-03-03,sh603200
09:41:54,41.62,-0.2,1180,4923203,卖盘,2005-03-03,sh603200
09:41:57,41.5,-0.12,380,1581293,卖盘,2005-03-03,sh603200
09:42:01,41.41,-0.09,493,2047586,卖盘,2005-03-03,sh603200
09:42:04,41.21,-0.2,595,2464942,卖盘,2005-03-03,sh603200
09:42:06,41.21,0.0,375,1545556,卖盘,2005-03-03,sh603200
09:42:09,41.18,-0.03,300,1234819,卖盘,2005-03-03,sh603200
09:42:12,41.0,-0.18,191,785347,卖盘,2005-03-03,sh603200
09:42:16,41.0,0.0,190,779685,卖盘,2005-03-03,sh603200
09:42:18,41.0,0.0,604,2476391,卖盘,2005-03-03,sh603200
09:42:21,40.99,-0.01,333,1366111,卖盘,2005-03-03,sh603200
09:42:24,40.9,-0.09,290,1187905,卖盘,2005-03-03,sh603200
09:42:27,40.95,0.05,206,843992,中性盘,2005-03-03,sh603200
09:42:30,40.89,-0.06,298,1219500,卖盘,2005-03-03,sh603200
09:42:33,40.77,-0.12,245,1000745,卖盘,2005-03-03,sh603200
09:42:36,40.68,-0.09,223,908367,中性盘,2005-03-03,sh603200
09:42:39,40.62,-0.06,215,871633,中性盘,2005-03-03,sh603200
09:42:42,40.37,-0.25,186,752796,卖盘,2005-03-03,sh603200
09:42:45,40.3,-0.07,165,666013,卖盘,2005-03-03,sh603200
09:42:48,40.22,-0.08,261,1051362,卖盘,2005-03-03,sh603200
09:42:52,40.08,-0.14,296,1189645,卖盘,2005-03-03,sh603200
09:42:54,40.0,-0.08,270,1081466,卖盘,2005-03-03,sh603200
09:42:57,39.97,-0.03,656,2624097,卖盘,2005-03-03,sh603200
09:43:00,39.9,-0.07,239,955251,卖盘,2005-03-03,sh603200
09:43:03,40.0,0.1,679,2714725,买盘,2005-03-03,sh603200
09:43:06,40.0,0.0,684,2742341,卖盘,2005-03-03,sh603200
09:43:10,40.16,0.16,482,1933010,买盘,2005-03-03,sh603200
09:43:13,40.2,0.04,636,2560930,卖盘,2005-03-03,sh603200
09:43:15,40.34,0.14,380,1539604,卖盘,2005-03-03,sh603200
09:43:18,40.6,0.26,159,646728,买盘,2005-03-03,sh603200
09:43:21,40.89,0.29,89,363256,买盘,2005-03-03,sh603200
09:43:24,41.0,0.11,120,490980,买盘,2005-03-03,sh603200
09:43:27,41.0,0.0,107,438618,买盘,2005-03-03,sh603200
09:43:30,41.14,0.14,113,463427,买盘,2005-03-03,sh603200
09:43:33,41.2,0.06,98,403058,买盘,2005-03-03,sh603200
09:43:37,41.2,0.0,107,440827,买盘,2005-03-03,sh603200
09:43:39,41.38,0.18,55,226871,买盘,2005-03-03,sh603200
09:43:42,41.43,0.05,46,190445,买盘,2005-03-03,sh603200
09:43:46,41.48,0.05,36,149248,买盘,2005-03-03,sh603200
09:43:49,41.48,0.0,202,837746,卖盘,2005-03-03,sh603200
09:43:52,41.48,0.0,678,2811144,卖盘,2005-03-03,sh603200
09:43:54,41.2,-0.28,191,790470,卖盘,2005-03-03,sh603200
09:43:57,41.39,0.19,244,1009557,买盘,2005-03-03,sh603200
09:44:00,41.19,-0.2,208,856088,卖盘,2005-03-03,sh603200
09:44:04,41.0,-0.19,272,1123073,卖盘,2005-03-03,sh603200
09:44:06,41.0,0.0,159,654020,卖盘,2005-03-03,sh603200
09:44:10,41.0,0.0,124,508652,买盘,2005-03-03,sh603200
09:44:13,41.0,0.0,256,1050614,买盘,2005-03-03,sh603200
09:44:15,40.99,-0.01,165,675996,买盘,2005-03-03,sh603200
09:44:19,40.9,-0.09,233,953501,买盘,2005-03-03,sh603200
09:44:22,40.89,-0.01,147,601171,卖盘,2005-03-03,sh603200
09:44:24,40.84,-0.05,174,710441,卖盘,2005-03-03,sh603200
09:44:28,40.76,-0.08,90,367307,中性盘,2005-03-03,sh603200
09:44:30,40.6,-0.16,161,655527,卖盘,2005-03-03,sh603200
09:44:34,40.5,-0.1,184,747901,卖盘,2005-03-03,sh603200
09:44:36,40.5,0.0,102,413656,卖盘,2005-03-03,sh603200
09:44:39,40.5,0.0,126,510525,卖盘,2005-03-03,sh603200
09:44:43,40.41,-0.09,124,501547,卖盘,2005-03-03,sh603200
09:44:46,40.39,-0.02,113,456237,卖盘,2005-03-03,sh603200
09:44:48,40.39,0.0,189,764423,卖盘,2005-03-03,sh603200
09:44:52,40.25,-0.14,167,674616,卖盘,2005-03-03,sh603200
09:44:54,40.41,0.16,119,480861,买盘,2005-03-03,sh603200
09:44:57,40.25,-0.16,272,1097084,卖盘,2005-03-03,sh603200
09:45:00,40.37,0.12,202,814803,买盘,2005-03-03,sh603200
09:45:04,40.41,0.04,187,754330,买盘,2005-03-03,sh603200
09:45:07,40.45,0.04,164,662787,买盘,2005-03-03,sh603200
09:45:09,40.6,0.15,123,499185,买盘,2005-03-03,sh603200
09:45:13,40.58,-0.02,125,507464,中性盘,2005-03-03,sh603200
09:45:16,40.8,0.22,136,553420,买盘,2005-03-03,sh603200
09:45:18,40.87,0.07,61,248913,买盘,2005-03-03,sh603200
09:45:22,40.87,0.0,164,668709,买盘,2005-03-03,sh603200
09:45:24,40.8,-0.07,84,342788,买盘,2005-03-03,sh603200
09:45:27,40.88,0.08,87,355236,买盘,2005-03-03,sh603200
09:45:30,40.89,0.01,76,310503,买盘,2005-03-03,sh603200
09:45:33,40.9,0.01,237,967376,买盘,2005-03-03,sh603200
09:45:36,41.0,0.1,319,1306066,买盘,2005-03-03,sh603200
09:45:39,40.94,-0.06,181,741569,卖盘,2005-03-03,sh603200
09:45:42,41.01,0.07,88,362069,买盘,2005-03-03,sh603200
09:45:45,41.21,0.2,41,169043,中性盘,2005-03-03,sh603200
09:45:48,41.22,0.01,77,316952,中性盘,2005-03-03,sh603200
09:45:51,41.3,0.08,38,156384,买盘,2005-03-03,sh603200
09:45:55,41.25,-0.05,144,592869,卖盘,2005-03-03,sh603200
09:45:58,41.22,-0.03,126,517651,卖盘,2005-03-03,sh603200
09:46:00,41.26,0.04,108,445669,买盘,2005-03-03,sh603200
09:46:04,41.21,-0.05,81,334119,卖盘,2005-03-03,sh603200
09:46:07,41.25,0.04,197,811268,买盘,2005-03-03,sh603200
09:46:10,41.24,-0.01,88,361439,中性盘,2005-03-03,sh603200
09:46:12,41.24,0.0,143,589045,买盘,2005-03-03,sh603200
09:46:16,41.0,-0.24,135,554617,卖盘,2005-03-03,sh603200
09:46:18,41.0,0.0,95,389431,买盘,2005-03-03,sh603200
09:46:21,40.99,-0.01,92,376806,买盘,2005-03-03,sh603200
09:46:24,41.0,0.01,413,1691997,买盘,2005-03-03,sh603200
09:46:27,40.91,-0.09,250,1024020,卖盘,2005-03-03,sh603200
09:46:31,40.91,0.0,168,688096,买盘,2005-03-03,sh603200
09:46:33,40.91,0.0,67,274685,买盘,2005-03-03,sh603200
09:46:36,40.96,0.05,145,593276,中性盘,2005-03-03,sh603200
09:46:39,40.91,-0.05,104,426045,卖盘,2005-03-03,sh603200
09:46:42,40.91,0.0,121,495446,卖盘,2005-03-03,sh603200
09:46:46,40.9,-0.01,108,441892,买盘,2005-03-03,sh603200
09:46:48,40.88,-0.02,169,690966,中性盘,2005-03-03,sh603200
09:46:51,40.88,0.0,164,671391,卖盘,2005-03-03,sh603200
09:46:54,40.88,0.0,98,401399,卖盘,2005-03-03,sh603200
09:46:57,41.01,0.13,101,413489,买盘,2005-03-03,sh603200
09:47:00,40.94,-0.07,63,258952,卖盘,2005-03-03,sh603200
09:47:03,41.01,0.07,44,181200,中性盘,2005-03-03,sh603200
09:47:07,40.96,-0.05,41,168149,卖盘,2005-03-03,sh603200
09:47:10,41.04,0.08,77,315731,买盘,2005-03-03,sh603200
09:47:12,40.98,-0.06,65,266711,中性盘,2005-03-03,sh603200
09:47:16,40.98,0.0,81,332667,卖盘,2005-03-03,sh603200
09:47:19,40.98,0.0,42,172407,中性盘,2005-03-03,sh603200
09:47:22,40.98,0.0,75,307567,卖盘,2005-03-03,sh603200
09:47:25,41.0,0.02,108,442890,卖盘,2005-03-03,sh603200
09:47:27,41.04,0.04,74,303841,买盘,2005-03-03,sh603200
09:47:30,41.0,-0.04,67,275079,卖盘,2005-03-03,sh603200
09:47:33,41.0,0.0,42,172159,买盘,2005-03-03,sh603200
09:47:36,41.04,0.04,44,180368,买盘,2005-03-03,sh603200
09:47:39,40.98,-0.06,128,524932,卖盘,2005-03-03,sh603200
09:47:42,40.96,-0.02,132,540692,卖盘,2005-03-03,sh603200
09:47:45,40.98,0.02,129,528365,买盘,2005-03-03,sh603200
09:47:49,41.0,0.02,67,274467,买盘,2005-03-03,sh603200
09:47:52,40.92,-0.08,108,442209,卖盘,2005-03-03,sh603200
09:47:54,40.91,-0.01,98,401039,卖盘,2005-03-03,sh603200
09:47:58,40.92,0.01,93,380700,买盘,2005-03-03,sh603200
09:48:00,40.87,-0.05,76,310661,卖盘,2005-03-03,sh603200
09:48:03,40.8,-0.07,74,302396,卖盘,2005-03-03,sh603200
09:48:06,40.88,0.08,72,293961,买盘,2005-03-03,sh603200
09:48:10,40.8,-0.08,75,306002,卖盘,2005-03-03,sh603200
09:48:12,40.6,-0.2,413,1677399,卖盘,2005-03-03,sh603200
09:48:16,40.6,0.0,40,162382,买盘,2005-03-03,sh603200
09:48:19,40.58,-0.02,64,259747,卖盘,2005-03-03,sh603200
09:48:21,40.58,0.0,44,178307,买盘,2005-03-03,sh603200
09:48:24,40.5,-0.08,31,125493,卖盘,2005-03-03,sh603200
09:48:27,40.41,-0.09,40,161758,卖盘,2005-03-03,sh603200
09:48:30,40.25,-0.16,373,1505583,卖盘,2005-03-03,sh603200
09:48:34,40.25,0.0,42,169165,卖盘,2005-03-03,sh603200
09:48:36,40.25,0.0,63,253671,卖盘,2005-03-03,sh603200
09:48:40,40.22,-0.03,88,353881,卖盘,2005-03-03,sh603200
09:48:42,40.2,-0.02,537,2155963,卖盘,2005-03-03,sh603200
09:48:45,40.2,0.0,90,361054,买盘,2005-03-03,sh603200
09:48:49,40.0,-0.2,200,800151,卖盘,2005-03-03,sh603200
09:48:52,40.0,0.0,430,1723816,卖盘,2005-03-03,sh603200
09:48:55,40.06,0.06,158,632767,卖盘,2005-03-03,sh603200
09:48:58,40.06,0.0,194,777015,卖盘,2005-03-03,sh603200
09:49:00,40.0,-0.06,173,692508,卖盘,2005-03-03,sh603200
09:49:03,40.0,0.0,258,1033437,卖盘,2005-03-03,sh603200
09:49:06,39.98,-0.02,194,775930,卖盘,2005-03-03,sh603200
09:49:09,39.97,-0.01,158,631788,卖盘,2005-03-03,sh603200
09:49:12,39.95,-0.02,179,715360,卖盘,2005-03-03,sh603200
09:49:15,39.91,-0.04,105,419276,卖盘,2005-03-03,sh603200
09:49:18,39.91,0.0,236,941844,卖盘,2005-03-03,sh603200
09:49:22,39.89,-0.02,238,949550,卖盘,2005-03-03,sh603200
09:49:25,39.87,-0.02,75,299108,卖盘,2005-03-03,sh603200
09:49:28,39.85,-0.02,90,358592,卖盘,2005-03-03,sh603200
09:49:30,39.83,-0.02,149,593244,卖盘,2005-03-03,sh603200
09:49:33,39.8,-0.03,84,334345,卖盘,2005-03-03,sh603200
09:49:36,39.79,-0.01,130,517413,卖盘,2005-03-03,sh603200
09:49:39,39.78,-0.01,103,409777,卖盘,2005-03-03,sh603200
09:49:42,39.73,-0.05,61,242395,卖盘,2005-03-03,sh603200
09:49:46,39.68,-0.05,214,847686,卖盘,2005-03-03,sh603200
09:49:49,39.68,0.0,81,320461,中性盘,2005-03-03,sh603200
09:49:51,39.46,-0.22,197,778194,卖盘,2005-03-03,sh603200
09:49:54,39.48,0.02,75,295851,买盘,2005-03-03,sh603200
09:49:57,39.3,-0.18,182,716222,卖盘,2005-03-03,sh603200
09:50:01,39.21,-0.09,93,365109,卖盘,2005-03-03,sh603200
09:50:04,39.17,-0.04,75,294306,卖盘,2005-03-03,sh603200
09:50:07,39.16,-0.01,102,399337,卖盘,2005-03-03,sh603200
09:50:10,39.12,-0.04,276,1079016,卖盘,2005-03-03,sh603200
09:50:12,39.19,0.07,1050,4111363,买盘,2005-03-03,sh603200
09:50:16,39.39,0.2,712,2794071,买盘,2005-03-03,sh603200
09:50:18,39.72,0.33,319,1261419,买盘,2005-03-03,sh603200
09:50:22,39.88,0.16,364,1447797,买盘,2005-03-03,sh603200
09:50:25,39.86,-0.02,176,702260,卖盘,2005-03-03,sh603200
09:50:27,39.91,0.05,84,335206,买盘,2005-03-03,sh603200
09:50:31,40.0,0.09,106,423853,买盘,2005-03-03,sh603200
09:50:33,39.91,-0.09,583,2329468,卖盘,2005-03-03,sh603200
09:50:36,40.06,0.15,174,696166,买盘,2005-03-03,sh603200
09:50:40,40.0,-0.06,353,1412113,卖盘,2005-03-03,sh603200
09:50:43,39.8,-0.2,429,1712389,卖盘,2005-03-03,sh603200
09:50:46,39.96,0.16,683,2718333,买盘,2005-03-03,sh603200
09:50:48,39.84,-0.12,98,391364,卖盘,2005-03-03,sh603200
09:50:51,39.79,-0.05,282,1123625,卖盘,2005-03-03,sh603200
09:50:54,39.79,0.0,221,879321,买盘,2005-03-03,sh603200
09:50:57,39.77,-0.02,181,719546,卖盘,2005-03-03,sh603200
09:51:00,39.79,0.02,865,3441322,买盘,2005-03-03,sh603200
09:51:03,39.75,-0.04,384,1527303,卖盘,2005-03-03,sh603200
09:51:07,39.6,-0.15,538,2137066,卖盘,2005-03-03,sh603200
09:51:10,39.73,0.13,55,218311,买盘,2005-03-03,sh603200
09:51:13,39.58,-0.15,83,328411,卖盘,2005-03-03,sh603200
09:51:16,39.5,-0.08,158,624769,卖盘,2005-03-03,sh603200
09:51:18,39.5,0.0,125,494567,卖盘,2005-03-03,sh603200
09:51:21,39.5,0.0,139,548549,买盘,2005-03-03,sh603200
09:51:25,39.5,0.0,146,576664,买盘,2005-03-03,sh603200
09:51:27,39.51,0.01,172,679678,买盘,2005-03-03,sh603200
09:51:30,39.51,0.0,125,492866,卖盘,2005-03-03,sh603200
09:51:33,39.7,0.19,134,531071,买盘,2005-03-03,sh603200
09:51:37,39.55,-0.15,646,2554761,卖盘,2005-03-03,sh603200
09:51:39,39.52,-0.03,107,423590,卖盘,2005-03-03,sh603200
09:51:42,39.61,0.09,307,1214294,中性盘,2005-03-03,sh603200
09:51:45,39.53,-0.08,411,1626670,卖盘,2005-03-03,sh603200
09:51:49,39.58,0.05,98,387726,买盘,2005-03-03,sh603200
09:51:51,39.58,0.0,1084,4277845,买盘,2005-03-03,sh603200
09:51:54,39.57,-0.01,267,1057627,中性盘,2005-03-03,sh603200
09:51:58,39.61,0.04,334,1320340,买盘,2005-03-03,sh603200
09:52:00,39.52,-0.09,150,593834,卖盘,2005-03-03,sh603200
09:52:03,39.52,0.0,56,221308,买盘,2005-03-03,sh603200
09:52:07,39.5,-0.02,417,1647807,卖盘,2005-03-03,sh603200
09:52:09,39.5,0.0,222,877051,卖盘,2005-03-03,sh603200
09:52:12,39.5,0.0,428,1690981,卖盘,2005-03-03,sh603200
09:52:15,39.5,0.0,100,395026,卖盘,2005-03-03,sh603200
09:52:19,39.5,0.0,54,213312,买盘,2005-03-03,sh603200
09:52:22,39.5,0.0,88,347605,卖盘,2005-03-03,sh603200
09:52:25,39.44,-0.06,152,600047,卖盘,2005-03-03,sh603200
09:52:28,39.5,0.06,76,300197,卖盘,2005-03-03,sh603200
09:52:31,39.44,-0.06,62,244778,卖盘,2005-03-03,sh603200
09:52:34,39.48,0.04,29,114494,买盘,2005-03-03,sh603200
09:52:37,39.48,0.0,43,169608,买盘,2005-03-03,sh603200
09:52:40,39.44,-0.04,233,919428,卖盘,2005-03-03,sh603200
09:52:42,39.48,0.04,42,165736,中性盘,2005-03-03,sh603200
09:52:46,39.42,-0.06,320,1261862,卖盘,2005-03-03,sh603200
09:52:49,39.44,0.02,192,757162,买盘,2005-03-03,sh603200
09:52:52,39.43,-0.01,77,303610,卖盘,2005-03-03,sh603200
09:52:55,39.44,0.01,103,406115,买盘,2005-03-03,sh603200
09:52:57,39.43,-0.01,281,1108915,中性盘,2005-03-03,sh603200
09:53:00,39.43,0.0,238,939433,买盘,2005-03-03,sh603200
09:53:03,39.52,0.09,1071,4229839,买盘,2005-03-03,sh603200
09:53:07,39.71,0.19,311,1234408,买盘,2005-03-03,sh603200
09:53:10,39.77,0.06,237,941551,买盘,2005-03-03,sh603200
09:53:12,39.86,0.09,124,493428,买盘,2005-03-03,sh603200
09:53:16,39.84,-0.02,45,179436,卖盘,2005-03-03,sh603200
09:53:19,39.9,0.06,287,1143879,买盘,2005-03-03,sh603200
09:53:21,39.97,0.07,373,1491529,买盘,2005-03-03,sh603200
09:53:24,40.01,0.04,730,2903760,买盘,2005-03-03,sh603200
09:53:27,40.14,0.13,135,540173,买盘,2005-03-03,sh603200
09:53:31,40.06,-0.08,116,464639,卖盘,2005-03-03,sh603200
09:53:34,40.0,-0.06,762,3048695,卖盘,2005-03-03,sh603200
09:53:36,39.99,-0.01,200,799990,卖盘,2005-03-03,sh603200
09:53:40,39.99,0.0,168,672511,卖盘,2005-03-03,sh603200
09:53:43,40.2,0.21,53,212934,买盘,2005-03-03,sh603200
09:53:46,40.14,-0.06,83,333162,卖盘,2005-03-03,sh603200
09:53:49,40.0,-0.14,103,412966,卖盘,2005-03-03,sh603200
09:53:52,40.14,0.14,117,469120,买盘,2005-03-03,sh603200
09:53:54,40.16,0.02,83,332972,买盘,2005-03-03,sh603200
09:53:57,40.18,0.02,43,172606,买盘,2005-03-03,sh603200
09:54:00,40.1,-0.08,84,337120,卖盘,2005-03-03,sh603200
09:54:04,40.14,0.04,156,624523,买盘,2005-03-03,sh603200
09:54:07,39.99,-0.15,38,152317,卖盘,2005-03-03,sh603200
09:54:10,39.99,0.0,100,399934,卖盘,2005-03-03,sh603200
09:54:13,39.99,0.0,136,543789,卖盘,2005-03-03,sh603200
09:54:15,39.42,-0.57,439,1745935,卖盘,2005-03-03,sh603200
09:54:19,39.41,-0.01,84,331327,卖盘,2005-03-03,sh603200
09:54:21,39.52,0.11,50,199070,中性盘,2005-03-03,sh603200
09:54:25,39.52,0.0,36,142439,卖盘,2005-03-03,sh603200
09:54:27,39.5,-0.02,94,372941,卖盘,2005-03-03,sh603200
09:54:30,39.5,0.0,96,379368,买盘,2005-03-03,sh603200
09:54:34,39.53,0.03,15,59414,买盘,2005-03-03,sh603200
09:54:36,39.53,0.0,75,296279,买盘,2005-03-03,sh603200
09:54:39,39.53,0.0,99,391011,买盘,2005-03-03,sh603200
09:54:43,39.56,0.03,70,276839,买盘,2005-03-03,sh603200
09:54:46,39.71,0.15,7,27764,中性盘,2005-03-03,sh603200
09:54:49,39.64,-0.07,68,270023,中性盘,2005-03-03,sh603200
09:54:51,39.89,0.25,41,163281,买盘,2005-03-03,sh603200
09:54:55,39.89,0.0,177,702540,买盘,2005-03-03,sh603200
09:54:57,39.89,0.0,34,135651,卖盘,2005-03-03,sh603200
09:55:01,39.9,0.01,37,147614,买盘,2005-03-03,sh603200
09:55:04,39.87,-0.03,42,167536,卖盘,2005-03-03,sh603200
09:55:06,39.8,-0.07,55,219356,卖盘,2005-03-03,sh603200
09:55:09,39.75,-0.05,70,278244,买盘,2005-03-03,sh603200
09:55:13,39.82,0.07,59,234440,买盘,2005-03-03,sh603200
09:55:16,39.73,-0.09,89,353774,卖盘,2005-03-03,sh603200
09:55:18,39.71,-0.02,19,75468,卖盘,2005-03-03,sh603200
09:55:22,39.71,0.0,95,377358,买盘,2005-03-03,sh603200
09:55:24,39.71,0.0,5,19853,买盘,2005-03-03,sh603200
09:55:28,39.66,-0.05,319,1264590,卖盘,2005-03-03,sh603200
09:55:30,39.62,-0.04,9,35690,卖盘,2005-03-03,sh603200
09:55:33,39.6,-0.02,28,110836,中性盘,2005-03-03,sh603200
09:55:37,39.55,-0.05,3,11869,卖盘,2005-03-03,sh603200
09:55:39,39.55,0.0,33,130596,卖盘,2005-03-03,sh603200
09:55:42,39.55,0.0,156,616992,卖盘,2005-03-03,sh603200
09:55:45,39.54,-0.01,116,458823,卖盘,2005-03-03,sh603200
09:55:48,39.55,0.01,384,1517673,买盘,2005-03-03,sh603200
09:55:52,39.55,0.0,220,870112,卖盘,2005-03-03,sh603200
09:55:55,39.58,0.03,64,253168,买盘,2005-03-03,sh603200
09:55:58,39.55,-0.03,77,304605,卖盘,2005-03-03,sh603200
09:56:00,39.58,0.03,45,178733,卖盘,2005-03-03,sh603200
09:56:04,39.58,0.0,40,158342,卖盘,2005-03-03,sh603200
09:56:06,39.56,-0.02,41,162246,卖盘,2005-03-03,sh603200
09:56:09,39.61,0.05,131,518597,买盘,2005-03-03,sh603200
09:56:13,39.6,-0.01,290,1149753,卖盘,2005-03-03,sh603200
09:56:15,39.65,0.05,492,1946794,卖盘,2005-03-03,sh603200
09:56:18,39.61,-0.04,33,130827,卖盘,2005-03-03,sh603200
09:56:21,39.75,0.14,24,95168,买盘,2005-03-03,sh603200
09:56:24,39.75,0.0,16,63540,买盘,2005-03-03,sh603200
09:56:27,39.65,-0.1,30,118867,卖盘,2005-03-03,sh603200
09:56:31,39.61,-0.04,38,150638,卖盘,2005-03-03,sh603200
09:56:34,39.73,0.12,79,313112,买盘,2005-03-03,sh603200
09:56:37,39.74,0.01,47,186693,买盘,2005-03-03,sh603200
09:56:39,39.62,-0.12,41,162561,卖盘,2005-03-03,sh603200
09:56:43,39.74,0.12,33,131071,买盘,2005-03-03,sh603200
09:56:46,39.72,-0.02,11,43711,卖盘,2005-03-03,sh603200
09:56:48,39.75,0.03,40,158893,买盘,2005-03-03,sh603200
09:56:52,39.74,-0.01,63,250212,中性盘,2005-03-03,sh603200
09:56:55,39.72,-0.02,48,190655,买盘,2005-03-03,sh603200
09:56:58,39.72,0.0,96,381238,买盘,2005-03-03,sh603200
09:57:01,39.72,0.0,35,139016,买盘,2005-03-03,sh603200
09:57:03,39.72,0.0,168,667178,买盘,2005-03-03,sh603200
09:57:06,39.72,0.0,49,194645,卖盘,2005-03-03,sh603200
09:57:09,39.72,0.0,51,202602,卖盘,2005-03-03,sh603200
09:57:13,39.72,0.0,11,43684,中性盘,2005-03-03,sh603200
09:57:15,39.65,-0.07,83,329473,卖盘,2005-03-03,sh603200
09:57:19,39.64,-0.01,83,329257,卖盘,2005-03-03,sh603200
09:57:21,39.55,-0.09,118,467088,卖盘,2005-03-03,sh603200
09:57:25,39.54,-0.01,37,146320,卖盘,2005-03-03,sh603200
09:57:27,39.54,0.0,32,126527,卖盘,2005-03-03,sh603200
09:57:30,39.53,-0.01,69,272793,卖盘,2005-03-03,sh603200
09:57:34,39.53,0.0,37,146273,卖盘,2005-03-03,sh603200
09:57:36,39.53,0.0,265,1047552,卖盘,2005-03-03,sh603200
09:57:39,39.5,-0.03,193,762678,卖盘,2005-03-03,sh603200
09:57:42,39.5,0.0,66,260847,卖盘,2005-03-03,sh603200
09:57:45,39.5,0.0,20,79000,卖盘,2005-03-03,sh603200
09:57:49,39.53,0.03,68,268674,买盘,2005-03-03,sh603200
09:57:51,39.5,-0.03,18,71099,卖盘,2005-03-03,sh603200
09:57:55,39.49,-0.01,39,154035,卖盘,2005-03-03,sh603200
09:57:58,39.4,-0.09,335,1321216,卖盘,2005-03-03,sh603200
09:58:00,39.39,-0.01,41,161501,卖盘,2005-03-03,sh603200
09:58:04,39.31,-0.08,75,295325,卖盘,2005-03-03,sh603200
09:58:07,39.28,-0.03,42,165119,卖盘,2005-03-03,sh603200
09:58:10,39.22,-0.06,42,164953,卖盘,2005-03-03,sh603200
09:58:13,39.22,0.0,63,247108,卖盘,2005-03-03,sh603200
09:58:15,39.21,-0.01,179,701679,卖盘,2005-03-03,sh603200
09:58:19,38.95,-0.26,1416,5527978,卖盘,2005-03-03,sh603200
09:58:21,38.93,-0.02,364,1417727,卖盘,2005-03-03,sh603200
09:58:24,38.88,-0.05,123,478515,卖盘,2005-03-03,sh603200
09:58:27,38.8,-0.08,163,633479,卖盘,2005-03-03,sh603200
09:58:31,38.78,-0.02,58,225063,卖盘,2005-03-03,sh603200
09:58:34,38.75,-0.03,75,290592,卖盘,2005-03-03,sh603200
09:58:37,38.71,-0.04,120,464786,卖盘,2005-03-03,sh603200
09:58:40,38.71,0.0,461,1785237,卖盘,2005-03-03,sh603200
09:58:42,38.67,-0.04,171,661012,卖盘,2005-03-03,sh603200
09:58:45,38.61,-0.06,663,2555227,卖盘,2005-03-03,sh603200
09:58:48,38.51,-0.1,327,1262069,卖盘,2005-03-03,sh603200
09:58:52,38.51,0.0,544,2096632,卖盘,2005-03-03,sh603200
09:58:55,38.51,0.0,341,1314227,买盘,2005-03-03,sh603200
09:58:57,38.5,-0.01,653,2513834,卖盘,2005-03-03,sh603200
09:59:01,38.6,0.1,1025,3942148,买盘,2005-03-03,sh603200
09:59:04,38.38,-0.22,585,2255029,卖盘,2005-03-03,sh603200
09:59:07,38.61,0.23,639,2454044,买盘,2005-03-03,sh603200
09:59:09,38.7,0.09,438,1694203,买盘,2005-03-03,sh603200
09:59:12,38.93,0.23,698,2709888,买盘,2005-03-03,sh603200
09:59:16,39.18,0.25,34,132709,买盘,2005-03-03,sh603200
09:59:18,39.17,-0.01,33,129278,中性盘,2005-03-03,sh603200
09:59:21,39.15,-0.02,220,861793,卖盘,2005-03-03,sh603200
09:59:24,39.0,-0.15,143,560227,中性盘,2005-03-03,sh603200
09:59:27,38.94,-0.06,228,889039,中性盘,2005-03-03,sh603200
09:59:30,38.96,0.02,797,3108224,中性盘,2005-03-03,sh603200
09:59:33,39.15,0.19,280,1091509,买盘,2005-03-03,sh603200
09:59:36,39.14,-0.01,226,881816,中性盘,2005-03-03,sh603200
09:59:39,39.15,0.01,99,387318,买盘,2005-03-03,sh603200
09:59:43,39.27,0.12,63,246882,买盘,2005-03-03,sh603200
09:59:45,39.0,-0.27,151,589733,卖盘,2005-03-03,sh603200
09:59:48,39.0,0.0,254,990576,买盘,2005-03-03,sh603200
09:59:52,39.14,0.14,778,3034901,买盘,2005-03-03,sh603200
09:59:54,39.1,-0.04,124,485055,卖盘,2005-03-03,sh603200
09:59:57,39.15,0.05,53,207137,买盘,2005-03-03,sh603200
10:00:00,39.07,-0.08,349,1361854,卖盘,2005-03-03,sh603200
10:00:04,38.96,-0.11,105,409690,卖盘,2005-03-03,sh603200
10:00:07,38.96,0.0,60,233733,买盘,2005-03-03,sh603200
10:00:10,38.87,-0.09,222,861877,卖盘,2005-03-03,sh603200
10:00:12,38.8,-0.07,39,151480,卖盘,2005-03-03,sh603200
10:00:16,38.79,-0.01,137,531495,卖盘,2005-03-03,sh603200
10:00:18,38.77,-0.02,176,682433,卖盘,2005-03-03,sh603200
10:00:21,38.77,0.0,152,589206,买盘,2005-03-03,sh603200
10:00:25,38.75,-0.02,543,2103846,卖盘,2005-03-03,sh603200
10:00:28,38.74,-0.01,153,592493,中性盘,2005-03-03,sh603200
10:00:30,38.7,-0.04,115,445196,卖盘,2005-03-03,sh603200
10:00:33,38.69,-0.01,343,1326309,卖盘,2005-03-03,sh603200
10:00:37,38.66,-0.03,182,703788,卖盘,2005-03-03,sh603200
10:00:40,38.66,0.0,55,212555,买盘,2005-03-03,sh603200
10:00:43,38.56,-0.1,245,946361,卖盘,2005-03-03,sh603200
10:00:45,38.56,0.0,262,1010225,买盘,2005-03-03,sh603200
10:00:48,38.53,-0.03,424,1633514,卖盘,2005-03-03,sh603200
10:00:52,38.55,0.02,246,948011,买盘,2005-03-03,sh603200
10:00:55,38.56,0.01,157,605472,买盘,2005-03-03,sh603200
10:00:58,38.63,0.07,428,1649403,买盘,2005-03-03,sh603200
10:01:00,38.66,0.03,421,1623985,买盘,2005-03-03,sh603200
10:01:03,38.63,-0.03,183,706590,卖盘,2005-03-03,sh603200
10:01:07,38.66,0.03,254,981154,买盘,2005-03-03,sh603200
10:01:10,38.66,0.0,274,1058827,卖盘,2005-03-03,sh603200
10:01:12,38.66,0.0,300,1159029,买盘,2005-03-03,sh603200
10:01:15,38.61,-0.05,96,370681,中性盘,2005-03-03,sh603200
10:01:18,38.6,-0.01,257,992203,卖盘,2005-03-03,sh603200
10:01:22,38.59,-0.01,156,602212,卖盘,2005-03-03,sh603200
10:01:24,38.59,0.0,67,258593,卖盘,2005-03-03,sh603200
10:01:27,38.58,-0.01,292,1126649,卖盘,2005-03-03,sh603200
10:01:31,38.57,-0.01,80,308626,卖盘,2005-03-03,sh603200
10:01:34,38.58,0.01,87,335621,买盘,2005-03-03,sh603200
10:01:37,38.57,-0.01,273,1053011,卖盘,2005-03-03,sh603200
10:01:40,38.57,0.0,157,605459,买盘,2005-03-03,sh603200
10:01:43,38.56,-0.01,165,636271,卖盘,2005-03-03,sh603200
10:01:46,38.55,-0.01,175,674109,卖盘,2005-03-03,sh603200
10:01:49,38.54,-0.01,45,173456,买盘,2005-03-03,sh603200
10:01:52,38.54,0.0,195,750894,买盘,2005-03-03,sh603200
10:01:54,38.54,0.0,204,784719,卖盘,2005-03-03,sh603200
10:01:58,38.5,-0.04,136,522445,卖盘,2005-03-03,sh603200
10:02:00,38.54,0.04,447,1722170,买盘,2005-03-03,sh603200
10:02:04,38.57,0.03,1104,4256190,买盘,2005-03-03,sh603200
10:02:07,38.63,0.06,230,887512,买盘,2005-03-03,sh603200
10:02:10,38.64,0.01,232,895506,买盘,2005-03-03,sh603200
10:02:12,38.66,0.02,217,838697,买盘,2005-03-03,sh603200
10:02:16,38.68,0.02,411,1589425,买盘,2005-03-03,sh603200
10:02:18,38.72,0.04,179,692566,买盘,2005-03-03,sh603200
10:02:21,38.77,0.05,48,185671,买盘,2005-03-03,sh603200
10:02:25,38.9,0.13,75,291355,买盘,2005-03-03,sh603200
10:02:27,38.96,0.06,87,338679,买盘,2005-03-03,sh603200
10:02:30,38.96,0.0,703,2732687,买盘,2005-03-03,sh603200
10:02:34,39.0,0.04,152,592668,买盘,2005-03-03,sh603200
10:02:36,38.96,-0.04,162,631293,卖盘,2005-03-03,sh603200
10:02:39,39.0,0.04,73,284325,买盘,2005-03-03,sh603200
10:02:42,38.91,-0.09,71,276327,卖盘,2005-03-03,sh603200
10:02:46,38.91,0.0,60,233431,买盘,2005-03-03,sh603200
10:02:48,38.85,-0.06,71,276047,卖盘,2005-03-03,sh603200
10:02:52,38.85,0.0,120,465959,买盘,2005-03-03,sh603200
10:02:55,38.88,0.03,62,240786,买盘,2005-03-03,sh603200
10:02:57,38.86,-0.02,43,167107,卖盘,2005-03-03,sh603200
10:03:00,38.86,0.0,109,423826,卖盘,2005-03-03,sh603200
10:03:04,38.89,0.03,90,349946,买盘,2005-03-03,sh603200
10:03:07,38.86,-0.03,43,167145,卖盘,2005-03-03,sh603200
10:03:10,38.82,-0.04,105,407786,卖盘,2005-03-03,sh603200
10:03:12,38.74,-0.08,8,31048,卖盘,2005-03-03,sh603200
10:03:16,38.72,-0.02,156,605188,卖盘,2005-03-03,sh603200
10:03:18,38.81,0.09,249,966902,买盘,2005-03-03,sh603200
10:03:22,38.81,0.0,10,38810,卖盘,2005-03-03,sh603200
10:03:25,38.81,0.0,181,701453,卖盘,2005-03-03,sh603200
10:03:28,38.81,0.0,86,334171,卖盘,2005-03-03,sh603200
10:03:31,38.81,0.0,47,182317,卖盘,2005-03-03,sh603200
10:03:34,38.81,0.0,21,81501,买盘,2005-03-03,sh603200
10:03:36,38.8,-0.01,33,128055,卖盘,2005-03-03,sh603200
10:03:40,38.81,0.01,82,318063,买盘,2005-03-03,sh603200
10:03:42,38.7,-0.11,56,216997,卖盘,2005-03-03,sh603200
10:03:46,38.8,0.1,170,659299,买盘,2005-03-03,sh603200
10:03:49,38.68,-0.12,71,275017,卖盘,2005-03-03,sh603200
10:03:52,38.68,0.0,23,88964,买盘,2005-03-03,sh603200
10:03:55,38.67,-0.01,86,332633,卖盘,2005-03-03,sh603200
10:03:58,38.67,0.0,28,108282,卖盘,2005-03-03,sh603200
10:04:00,38.66,-0.01,239,924191,卖盘,2005-03-03,sh603200
10:04:04,38.65,-0.01,93,359527,卖盘,2005-03-03,sh603200
10:04:06,38.64,-0.01,57,220243,中性盘,2005-03-03,sh603200
10:04:10,38.64,0.0,97,374771,买盘,2005-03-03,sh603200
10:04:13,38.61,-0.03,212,819111,卖盘,2005-03-03,sh603200
10:04:16,38.63,0.02,97,374623,买盘,2005-03-03,sh603200
10:04:19,38.63,0.0,56,216234,买盘,2005-03-03,sh603200
10:04:22,38.6,-0.03,47,181447,卖盘,2005-03-03,sh603200
10:04:25,38.61,0.01,45,173735,买盘,2005-03-03,sh603200
10:04:28,38.64,0.03,122,471177,买盘,2005-03-03,sh603200
10:04:31,38.67,0.03,288,1112914,买盘,2005-03-03,sh603200
10:04:33,38.62,-0.05,47,181710,卖盘,2005-03-03,sh603200
10:04:36,38.67,0.05,70,270595,买盘,2005-03-03,sh603200
10:04:39,38.67,0.0,64,247414,买盘,2005-03-03,sh603200
10:04:42,38.67,0.0,103,398262,买盘,2005-03-03,sh603200
10:04:45,38.63,-0.04,125,483237,卖盘,2005-03-03,sh603200
10:04:48,38.66,0.03,19,73426,买盘,2005-03-03,sh603200
10:04:51,38.67,0.01,75,289873,买盘,2005-03-03,sh603200
10:04:54,38.63,-0.04,103,398058,卖盘,2005-03-03,sh603200
10:04:57,38.63,0.0,21,81132,买盘,2005-03-03,sh603200
10:05:01,38.66,0.03,76,293591,买盘,2005-03-03,sh603200
10:05:04,38.63,-0.03,98,378680,卖盘,2005-03-03,sh603200
10:05:07,38.66,0.03,64,247384,买盘,2005-03-03,sh603200
10:05:10,38.66,0.0,62,239656,买盘,2005-03-03,sh603200
10:05:12,38.68,0.02,213,824977,买盘,2005-03-03,sh603200
10:05:16,38.68,0.0,84,324892,买盘,2005-03-03,sh603200
10:05:19,38.7,0.02,85,328818,买盘,2005-03-03,sh603200
10:05:22,38.75,0.05,32,123940,买盘,2005-03-03,sh603200
10:05:25,38.8,0.05,21,81475,买盘,2005-03-03,sh603200
10:05:27,38.8,0.0,67,259903,买盘,2005-03-03,sh603200
10:05:31,38.81,0.01,106,411304,买盘,2005-03-03,sh603200
10:05:33,38.79,-0.02,209,810956,卖盘,2005-03-03,sh603200
10:05:37,38.78,-0.01,92,356603,卖盘,2005-03-03,sh603200
10:05:40,38.78,0.0,25,96945,买盘,2005-03-03,sh603200
10:05:43,38.79,0.01,53,205543,买盘,2005-03-03,sh603200
10:05:45,38.79,0.0,48,186145,买盘,2005-03-03,sh603200
10:05:49,38.79,0.0,54,209466,买盘,2005-03-03,sh603200
10:05:51,38.75,-0.04,105,407190,卖盘,2005-03-03,sh603200
10:05:54,38.78,0.03,77,298575,买盘,2005-03-03,sh603200
10:05:58,38.77,-0.01,13,50397,卖盘,2005-03-03,sh603200
10:06:01,38.73,-0.04,22,85269,卖盘,2005-03-03,sh603200
10:06:04,38.76,0.03,40,155014,买盘,2005-03-03,sh603200
10:06:06,38.78,0.02,72,279048,买盘,2005-03-03,sh603200
10:06:10,38.72,-0.06,61,236236,卖盘,2005-03-03,sh603200
10:06:13,38.78,0.06,69,267427,买盘,2005-03-03,sh603200
10:06:16,38.77,-0.01,10,38779,中性盘,2005-03-03,sh603200
10:06:18,38.73,-0.04,39,151166,卖盘,2005-03-03,sh603200
10:06:21,38.77,0.04,99,383880,买盘,2005-03-03,sh603200
10:06:24,38.72,-0.05,62,240137,卖盘,2005-03-03,sh603200
10:06:28,38.75,0.03,122,472616,买盘,2005-03-03,sh603200
10:06:31,38.73,-0.02,58,224638,卖盘,2005-03-03,sh603200
10:06:34,38.77,0.04,25,96898,买盘,2005-03-03,sh603200
10:06:37,38.73,-0.04,82,317695,卖盘,2005-03-03,sh603200
10:06:40,38.75,0.02,94,364056,买盘,2005-03-03,sh603200
10:06:43,38.75,0.0,17,65888,卖盘,2005-03-03,sh603200
10:06:46,38.76,0.01,30,116273,买盘,2005-03-03,sh603200
10:06:49,38.75,-0.01,35,135626,中性盘,2005-03-03,sh603200
10:06:52,38.76,0.01,40,155008,买盘,2005-03-03,sh603200
10:06:54,38.74,-0.02,21,81372,卖盘,2005-03-03,sh603200
10:06:58,38.76,0.02,27,104637,买盘,2005-03-03,sh603200
10:07:01,38.78,0.02,193,748167,买盘,2005-03-03,sh603200
10:07:04,38.78,0.0,51,197672,买盘,2005-03-03,sh603200
10:07:07,38.77,-0.01,15,58154,买盘,2005-03-03,sh603200
10:07:10,38.77,0.0,15,58153,买盘,2005-03-03,sh603200
10:07:13,38.77,0.0,30,116306,买盘,2005-03-03,sh603200
10:07:16,38.77,0.0,68,263636,买盘,2005-03-03,sh603200
10:07:18,38.77,0.0,31,120197,卖盘,2005-03-03,sh603200
10:07:22,38.78,0.01,51,197777,中性盘,2005-03-03,sh603200
10:07:25,38.77,-0.01,53,205522,卖盘,2005-03-03,sh603200
10:07:28,38.78,0.01,41,157928,买盘,2005-03-03,sh603200
10:07:30,38.78,0.0,70,271430,买盘,2005-03-03,sh603200
10:07:33,38.78,0.0,96,372305,买盘,2005-03-03,sh603200
10:07:37,38.78,0.0,8,31026,卖盘,2005-03-03,sh603200
10:07:40,38.8,0.02,76,294844,买盘,2005-03-03,sh603200
10:07:42,38.8,0.0,19,73712,买盘,2005-03-03,sh603200
10:07:45,38.8,0.0,25,96992,买盘,2005-03-03,sh603200
10:07:49,38.79,-0.01,65,252142,卖盘,2005-03-03,sh603200
10:07:52,38.79,0.0,64,248256,买盘,2005-03-03,sh603200
10:07:55,38.78,-0.01,36,139640,卖盘,2005-03-03,sh603200
10:07:58,38.79,0.01,48,186225,中性盘,2005-03-03,sh603200
10:08:01,38.78,-0.01,66,256008,卖盘,2005-03-03,sh603200
10:08:04,38.8,0.02,56,217279,买盘,2005-03-03,sh603200
10:08:06,38.8,0.0,31,120281,卖盘,2005-03-03,sh603200
10:08:10,38.81,0.01,106,411254,买盘,2005-03-03,sh603200
10:08:13,38.8,-0.01,18,69848,卖盘,2005-03-03,sh603200
10:08:16,38.81,0.01,28,110026,买盘,2005-03-03,sh603200
10:08:19,38.82,0.01,20,77624,买盘,2005-03-03,sh603200
10:08:22,38.81,-0.01,11,42694,卖盘,2005-03-03,sh603200
10:08:24,38.82,0.01,66,256211,买盘,2005-03-03,sh603200
10:08:28,38.85,0.03,5,19425,买盘,2005-03-03,sh603200
10:08:31,38.85,0.0,92,357419,买盘,2005-03-03,sh603200
10:08:34,38.86,0.01,28,108808,买盘,2005-03-03,sh603200
10:08:36,38.86,0.0,76,295276,买盘,2005-03-03,sh603200
10:08:40,38.86,0.0,136,528488,买盘,2005-03-03,sh603200
10:08:43,38.88,0.02,68,264250,买盘,2005-03-03,sh603200
10:08:45,38.9,0.02,24,93348,买盘,2005-03-03,sh603200
10:08:48,38.9,0.0,42,163378,买盘,2005-03-03,sh603200
10:08:51,38.9,0.0,56,217840,买盘,2005-03-03,sh603200
10:08:54,38.9,0.0,74,287513,卖盘,2005-03-03,sh603200
10:08:58,38.96,0.06,35,136360,买盘,2005-03-03,sh603200
10:09:01,38.98,0.02,97,377545,买盘,2005-03-03,sh603200
10:09:04,39.0,0.02,196,764932,买盘,2005-03-03,sh603200
10:09:07,39.01,0.01,53,206874,卖盘,2005-03-03,sh603200
10:09:10,39.07,0.06,143,558154,买盘,2005-03-03,sh603200
10:09:12,39.0,-0.07,294,1147706,卖盘,2005-03-03,sh603200
10:09:15,38.98,-0.02,135,526369,卖盘,2005-03-03,sh603200
10:09:18,39.07,0.09,322,1256750,买盘,2005-03-03,sh603200
10:09:21,39.07,0.0,112,436438,买盘,2005-03-03,sh603200
10:09:25,39.07,0.0,52,203164,买盘,2005-03-03,sh603200
10:09:27,39.0,-0.07,81,316147,卖盘,2005-03-03,sh603200
10:09:31,39.06,0.06,79,308244,买盘,2005-03-03,sh603200
10:09:34,39.0,-0.06,177,690656,卖盘,2005-03-03,sh603200
10:09:37,39.02,0.02,72,280783,买盘,2005-03-03,sh603200
10:09:40,39.06,0.04,171,667079,买盘,2005-03-03,sh603200
10:09:43,39.0,-0.06,112,436034,卖盘,2005-03-03,sh603200
10:09:46,39.07,0.07,38,148355,中性盘,2005-03-03,sh603200
10:09:48,39.0,-0.07,68,265352,卖盘,2005-03-03,sh603200
10:09:52,39.02,0.02,23,89740,买盘,2005-03-03,sh603200
10:09:55,39.06,0.04,46,179500,买盘,2005-03-03,sh603200
10:09:58,39.09,0.03,55,214953,买盘,2005-03-03,sh603200
10:10:01,39.1,0.01,46,179819,买盘,2005-03-03,sh603200
10:10:04,39.13,0.03,17,66473,买盘,2005-03-03,sh603200
10:10:07,39.15,0.02,18,70438,买盘,2005-03-03,sh603200
10:10:10,39.15,0.0,12,46980,买盘,2005-03-03,sh603200
10:10:13,39.2,0.05,135,528509,买盘,2005-03-03,sh603200
10:10:15,39.2,0.0,12,47042,卖盘,2005-03-03,sh603200
10:10:18,39.22,0.02,284,1113264,买盘,2005-03-03,sh603200
10:10:21,39.22,0.0,5,19610,买盘,2005-03-03,sh603200
10:10:24,39.28,0.06,284,1113981,买盘,2005-03-03,sh603200
10:10:27,39.36,0.08,29,113919,买盘,2005-03-03,sh603200
10:10:31,39.27,-0.09,230,903344,卖盘,2005-03-03,sh603200
10:10:34,39.36,0.09,72,282904,买盘,2005-03-03,sh603200
10:10:37,39.37,0.01,265,1039849,买盘,2005-03-03,sh603200
10:10:40,39.27,-0.1,189,742807,卖盘,2005-03-03,sh603200
10:10:43,39.27,0.0,48,188456,买盘,2005-03-03,sh603200
10:10:45,39.25,-0.02,60,235452,买盘,2005-03-03,sh603200
10:10:49,39.24,-0.01,42,164828,中性盘,2005-03-03,sh603200
10:10:52,39.23,-0.01,66,259052,中性盘,2005-03-03,sh603200
10:10:54,39.23,0.0,122,478589,中性盘,2005-03-03,sh603200
10:10:57,39.17,-0.06,62,242969,卖盘,2005-03-03,sh603200
10:11:01,39.16,-0.01,46,180153,卖盘,2005-03-03,sh603200
10:11:04,39.15,-0.01,113,442428,卖盘,2005-03-03,sh603200
10:11:06,39.1,-0.05,30,117400,卖盘,2005-03-03,sh603200
10:11:10,39.1,0.0,49,191647,卖盘,2005-03-03,sh603200
10:11:13,39.05,-0.05,48,187517,卖盘,2005-03-03,sh603200
10:11:15,39.0,-0.05,113,440807,卖盘,2005-03-03,sh603200
10:11:18,39.0,0.0,47,183303,卖盘,2005-03-03,sh603200
10:11:21,39.0,0.0,46,179399,卖盘,2005-03-03,sh603200
10:11:24,38.98,-0.02,42,164904,卖盘,2005-03-03,sh603200
10:11:28,38.94,-0.04,10,38963,卖盘,2005-03-03,sh603200
10:11:31,38.89,-0.05,34,132332,卖盘,2005-03-03,sh603200
10:11:34,38.89,0.0,55,215263,卖盘,2005-03-03,sh603200
10:11:37,38.86,-0.03,66,255249,卖盘,2005-03-03,sh603200
10:11:40,38.87,0.01,20,77735,买盘,2005-03-03,sh603200
10:11:43,38.88,0.01,45,173747,买盘,2005-03-03,sh603200
10:11:46,38.85,-0.03,36,141096,卖盘,2005-03-03,sh603200
10:11:49,38.89,0.04,223,867337,买盘,2005-03-03,sh603200
10:11:52,38.89,0.0,22,85516,买盘,2005-03-03,sh603200
10:11:55,38.85,-0.04,34,132112,卖盘,2005-03-03,sh603200
10:11:57,38.85,0.0,21,81614,卖盘,2005-03-03,sh603200
10:12:01,38.88,0.03,54,209882,中性盘,2005-03-03,sh603200
10:12:04,38.86,-0.02,39,151563,卖盘,2005-03-03,sh603200
10:12:06,38.89,0.03,13,50533,买盘,2005-03-03,sh603200
10:12:10,38.88,-0.01,3,11666,中性盘,2005-03-03,sh603200
10:12:13,38.81,-0.07,142,551781,卖盘,2005-03-03,sh603200
10:12:16,38.83,0.02,26,101009,中性盘,2005-03-03,sh603200
10:12:19,38.81,-0.02,79,306876,卖盘,2005-03-03,sh603200
10:12:22,38.82,0.01,27,104820,中性盘,2005-03-03,sh603200
10:12:25,38.82,0.0,44,170780,买盘,2005-03-03,sh603200
10:12:28,38.82,0.0,25,95674,买盘,2005-03-03,sh603200
10:12:30,38.8,-0.02,145,563131,卖盘,2005-03-03,sh603200
10:12:34,38.81,0.01,75,291059,卖盘,2005-03-03,sh603200
10:12:37,38.78,-0.03,394,1531227,卖盘,2005-03-03,sh603200
10:12:40,38.78,0.0,89,345138,买盘,2005-03-03,sh603200
10:12:43,38.77,-0.01,39,151220,卖盘,2005-03-03,sh603200
10:12:45,38.76,-0.01,61,236518,卖盘,2005-03-03,sh603200
10:12:48,38.76,0.0,27,104675,卖盘,2005-03-03,sh603200
10:12:51,38.77,0.01,14,54278,买盘,2005-03-03,sh603200
10:12:55,38.77,0.0,19,73665,卖盘,2005-03-03,sh603200
10:12:57,38.78,0.01,44,171952,买盘,2005-03-03,sh603200
10:13:00,38.78,0.0,61,236531,卖盘,2005-03-03,sh603200
10:13:04,38.73,-0.05,158,612276,卖盘,2005-03-03,sh603200
10:13:07,38.78,0.05,13,50415,卖盘,2005-03-03,sh603200
10:13:09,38.78,0.0,15,58160,买盘,2005-03-03,sh603200
10:13:12,38.79,0.01,14,54294,买盘,2005-03-03,sh603200
10:13:15,38.75,-0.04,41,158985,卖盘,2005-03-03,sh603200
10:13:18,38.75,0.0,5,19383,买盘,2005-03-03,sh603200
10:13:21,38.72,-0.03,143,553928,卖盘,2005-03-03,sh603200
10:13:24,38.74,0.02,42,162718,中性盘,2005-03-03,sh603200
10:13:28,38.72,-0.02,134,518976,卖盘,2005-03-03,sh603200
10:13:31,38.72,0.0,41,158766,卖盘,2005-03-03,sh603200
10:13:33,38.73,0.01,50,193612,买盘,2005-03-03,sh603200
10:13:36,38.72,-0.01,47,180629,卖盘,2005-03-03,sh603200
10:13:40,38.71,-0.01,36,139386,卖盘,2005-03-03,sh603200
10:13:43,38.71,0.0,54,209019,买盘,2005-03-03,sh603200
10:13:46,38.68,-0.03,75,290157,卖盘,2005-03-03,sh603200
10:13:49,38.66,-0.02,141,543866,卖盘,2005-03-03,sh603200
10:13:52,38.65,-0.01,31,119808,卖盘,2005-03-03,sh603200
10:13:55,38.66,0.01,60,231908,买盘,2005-03-03,sh603200
10:13:58,38.65,-0.01,52,200918,中性盘,2005-03-03,sh603200
10:14:00,38.64,-0.01,15,57962,卖盘,2005-03-03,sh603200
10:14:04,38.61,-0.03,167,644966,卖盘,2005-03-03,sh603200
10:14:06,38.63,0.02,46,177590,中性盘,2005-03-03,sh603200
10:14:09,38.6,-0.03,342,1319847,卖盘,2005-03-03,sh603200
10:14:12,38.56,-0.04,79,304834,卖盘,2005-03-03,sh603200
10:14:16,38.56,0.0,57,219890,卖盘,2005-03-03,sh603200
10:14:19,38.56,0.0,87,335445,卖盘,2005-03-03,sh603200
10:14:21,38.58,0.02,73,280314,买盘,2005-03-03,sh603200
10:14:24,38.55,-0.03,59,228560,卖盘,2005-03-03,sh603200
10:14:27,38.56,0.01,68,262202,买盘,2005-03-03,sh603200
10:14:31,38.54,-0.02,264,1016782,卖盘,2005-03-03,sh603200
10:14:34,38.54,0.0,34,130990,买盘,2005-03-03,sh603200
10:14:37,38.51,-0.03,35,134785,卖盘,2005-03-03,sh603200
10:14:40,38.51,0.0,136,523733,卖盘,2005-03-03,sh603200
10:14:43,38.51,0.0,112,431216,买盘,2005-03-03,sh603200
10:14:45,38.5,-0.01,76,292621,卖盘,2005-03-03,sh603200
10:14:49,38.5,0.0,25,96264,卖盘,2005-03-03,sh603200
10:14:52,38.5,0.0,120,461985,卖盘,2005-03-03,sh603200
10:14:55,38.5,0.0,43,165548,买盘,2005-03-03,sh603200
10:14:58,38.49,-0.01,62,238599,卖盘,2005-03-03,sh603200
10:15:01,38.47,-0.02,112,430530,卖盘,2005-03-03,sh603200
10:15:04,38.47,0.0,4,15388,买盘,2005-03-03,sh603200
10:15:07,38.39,-0.08,329,1265883,卖盘,2005-03-03,sh603200
10:15:09,38.38,-0.01,49,188069,卖盘,2005-03-03,sh603200
10:15:13,38.39,0.01,36,138188,买盘,2005-03-03,sh603200
10:15:16,38.39,0.0,105,403042,买盘,2005-03-03,sh603200
10:15:18,38.38,-0.01,115,441391,卖盘,2005-03-03,sh603200
10:15:21,38.38,0.0,56,214909,买盘,2005-03-03,sh603200
10:15:25,38.38,0.0,121,464341,买盘,2005-03-03,sh603200
10:15:28,38.38,0.0,174,667758,买盘,2005-03-03,sh603200
10:15:30,38.38,0.0,228,874899,买盘,2005-03-03,sh603200
10:15:33,38.37,-0.01,78,299322,卖盘,2005-03-03,sh603200
10:15:37,38.36,-0.01,89,341495,卖盘,2005-03-03,sh603200
10:15:39,38.37,0.01,102,391306,买盘,2005-03-03,sh603200
10:15:42,38.38,0.01,144,552368,买盘,2005-03-03,sh603200
10:15:46,38.38,0.0,108,414344,买盘,2005-03-03,sh603200
10:15:48,38.35,-0.03,104,398813,卖盘,2005-03-03,sh603200
10:15:51,38.38,0.03,122,467951,买盘,2005-03-03,sh603200
10:15:55,38.34,-0.04,25,95897,卖盘,2005-03-03,sh603200
10:15:57,38.35,0.01,50,191732,买盘,2005-03-03,sh603200
10:16:00,38.34,-0.01,35,134180,买盘,2005-03-03,sh603200
10:16:04,38.33,-0.01,150,575080,卖盘,2005-03-03,sh603200
10:16:06,38.38,0.05,189,724714,买盘,2005-03-03,sh603200
10:16:10,38.35,-0.03,167,640756,卖盘,2005-03-03,sh603200
10:16:12,38.36,0.01,99,379836,中性盘,2005-03-03,sh603200
10:16:15,38.37,0.01,164,629392,中性盘,2005-03-03,sh603200
10:16:18,38.36,-0.01,107,412341,卖盘,2005-03-03,sh603200
10:16:22,38.38,0.02,27,105343,买盘,2005-03-03,sh603200
10:16:24,38.5,0.12,163,625605,买盘,2005-03-03,sh603200
10:16:27,38.56,0.06,234,900654,买盘,2005-03-03,sh603200
10:16:30,38.57,0.01,51,196585,买盘,2005-03-03,sh603200
10:16:33,38.61,0.04,59,227894,买盘,2005-03-03,sh603200
10:16:37,38.7,0.09,87,336242,买盘,2005-03-03,sh603200
10:16:39,38.7,0.0,110,424436,买盘,2005-03-03,sh603200
10:16:42,38.72,0.02,26,100621,买盘,2005-03-03,sh603200
10:16:46,38.73,0.01,23,89074,买盘,2005-03-03,sh603200
10:16:48,38.73,0.0,22,85277,卖盘,2005-03-03,sh603200
10:16:52,38.77,0.04,2,7754,中性盘,2005-03-03,sh603200
10:16:54,38.8,0.03,32,124097,买盘,2005-03-03,sh603200
10:16:57,38.8,0.0,34,131923,卖盘,2005-03-03,sh603200
10:17:01,38.81,0.01,19,73743,买盘,2005-03-03,sh603200
10:17:04,38.85,0.04,21,81527,买盘,2005-03-03,sh603200
10:17:06,38.83,-0.02,16,62121,卖盘,2005-03-03,sh603200
10:17:09,38.85,0.02,113,438743,卖盘,2005-03-03,sh603200
10:17:13,38.85,0.0,37,143698,买盘,2005-03-03,sh603200
10:17:15,38.88,0.03,6,23326,买盘,2005-03-03,sh603200
10:17:18,38.88,0.0,8,31104,卖盘,2005-03-03,sh603200
10:17:21,38.88,0.0,60,233253,卖盘,2005-03-03,sh603200
10:17:25,38.88,0.0,6,23332,卖盘,2005-03-03,sh603200
10:17:27,38.88,0.0,72,279995,卖盘,2005-03-03,sh603200
10:17:31,38.9,0.02,10,38900,卖盘,2005-03-03,sh603200
10:17:34,38.97,0.07,38,148025,买盘,2005-03-03,sh603200
10:17:37,38.9,-0.07,49,190615,卖盘,2005-03-03,sh603200
10:17:39,38.91,0.01,14,54474,买盘,2005-03-03,sh603200
10:17:42,38.91,0.0,49,190646,买盘,2005-03-03,sh603200
10:17:46,38.9,-0.01,82,319003,卖盘,2005-03-03,sh603200
10:17:48,38.9,0.0,25,97223,买盘,2005-03-03,sh603200
10:17:52,38.88,-0.02,26,101101,卖盘,2005-03-03,sh603200
10:17:54,38.9,0.02,71,276147,买盘,2005-03-03,sh603200
10:17:57,38.9,0.0,47,182772,买盘,2005-03-03,sh603200
10:18:00,38.88,-0.02,134,520978,卖盘,2005-03-03,sh603200
10:18:04,38.9,0.02,70,272176,买盘,2005-03-03,sh603200
10:18:06,38.85,-0.05,35,136009,卖盘,2005-03-03,sh603200
10:18:10,38.88,0.03,33,128214,买盘,2005-03-03,sh603200
10:18:13,38.9,0.02,41,159426,买盘,2005-03-03,sh603200
10:18:15,38.88,-0.02,144,559986,卖盘,2005-03-03,sh603200
10:18:18,38.86,-0.02,118,458808,卖盘,2005-03-03,sh603200
10:18:22,38.87,0.01,12,46641,中性盘,2005-03-03,sh603200
10:18:24,38.85,-0.02,14,54398,卖盘,2005-03-03,sh603200
10:18:28,38.85,0.0,24,93245,卖盘,2005-03-03,sh603200
10:18:31,38.83,-0.02,9,34947,卖盘,2005-03-03,sh603200
10:18:34,38.81,-0.02,3,11644,卖盘,2005-03-03,sh603200
10:18:37,38.8,-0.01,44,170746,卖盘,2005-03-03,sh603200
10:18:39,38.78,-0.02,41,158970,卖盘,2005-03-03,sh603200
10:18:42,38.78,0.0,37,143433,买盘,2005-03-03,sh603200
10:18:45,38.74,-0.04,29,112336,卖盘,2005-03-03,sh603200
10:18:48,38.74,0.0,5,19370,买盘,2005-03-03,sh603200
10:18:51,38.73,-0.01,2,7746,卖盘,2005-03-03,sh603200
10:18:55,38.7,-0.03,22,85200,卖盘,2005-03-03,sh603200
10:18:57,38.7,0.0,1,3870,卖盘,2005-03-03,sh603200
10:19:00,38.7,0.0,83,321185,卖盘,2005-03-03,sh603200
10:19:03,38.7,0.0,78,301856,买盘,2005-03-03,sh603200
10:19:07,38.65,-0.05,32,123678,卖盘,2005-03-03,sh603200
10:19:09,38.66,0.01,13,50241,买盘,2005-03-03,sh603200
10:19:13,38.66,0.0,28,108245,买盘,2005-03-03,sh603200
10:19:16,38.61,-0.05,79,305186,卖盘,2005-03-03,sh603200
10:19:18,38.61,0.0,7,27027,买盘,2005-03-03,sh603200
10:19:21,38.6,-0.01,54,208515,卖盘,2005-03-03,sh603200
10:19:24,38.63,0.03,64,247137,买盘,2005-03-03,sh603200
10:19:27,38.63,0.0,2,7726,中性盘,2005-03-03,sh603200
10:19:30,38.61,-0.02,33,127438,卖盘,2005-03-03,sh603200
10:19:33,38.61,0.0,4,15444,买盘,2005-03-03,sh603200
10:19:37,38.61,0.0,15,57893,买盘,2005-03-03,sh603200
10:19:39,38.61,0.0,74,285667,买盘,2005-03-03,sh603200
10:19:42,38.6,-0.01,63,243194,卖盘,2005-03-03,sh603200
10:19:45,38.58,-0.02,14,54033,卖盘,2005-03-03,sh603200
10:19:48,38.59,0.01,9,34737,卖盘,2005-03-03,sh603200
10:19:51,38.59,0.0,21,81043,买盘,2005-03-03,sh603200
10:19:54,38.56,-0.03,29,111858,卖盘,2005-03-03,sh603200
10:19:58,38.59,0.03,150,578627,买盘,2005-03-03,sh603200
10:20:01,38.55,-0.04,8,30840,卖盘,2005-03-03,sh603200
10:20:03,38.55,0.0,23,88665,买盘,2005-03-03,sh603200
10:20:06,38.48,-0.07,68,261897,卖盘,2005-03-03,sh603200
10:20:09,38.52,0.04,31,119433,中性盘,2005-03-03,sh603200
10:20:13,38.55,0.03,70,269784,买盘,2005-03-03,sh603200
10:20:15,38.54,-0.01,27,104070,卖盘,2005-03-03,sh603200
10:20:18,38.55,0.01,25,96378,买盘,2005-03-03,sh603200
10:20:22,38.57,0.02,43,165708,买盘,2005-03-03,sh603200
10:20:24,38.57,0.0,3,11569,买盘,2005-03-03,sh603200
10:20:27,38.53,-0.04,68,261982,卖盘,2005-03-03,sh603200
10:20:31,38.55,0.02,26,100218,买盘,2005-03-03,sh603200
10:20:33,38.58,0.03,5,19286,买盘,2005-03-03,sh603200
10:20:39,38.58,0.0,9,34711,买盘,2005-03-03,sh603200
10:20:43,38.58,0.0,47,181305,买盘,2005-03-03,sh603200
10:20:45,38.58,0.0,10,38580,买盘,2005-03-03,sh603200
10:20:49,38.57,-0.01,14,54011,卖盘,2005-03-03,sh603200
10:20:52,38.58,0.01,101,389308,买盘,2005-03-03,sh603200
10:20:55,38.55,-0.03,3,11564,中性盘,2005-03-03,sh603200
10:20:57,38.52,-0.03,66,254379,卖盘,2005-03-03,sh603200
10:21:01,38.51,-0.01,16,61628,卖盘,2005-03-03,sh603200
10:21:03,38.49,-0.02,124,477457,卖盘,2005-03-03,sh603200
10:21:07,38.49,0.0,12,46184,买盘,2005-03-03,sh603200
10:21:09,38.49,0.0,30,115465,买盘,2005-03-03,sh603200
10:21:13,38.48,-0.01,15,57724,卖盘,2005-03-03,sh603200
10:21:16,38.48,0.0,17,65402,买盘,2005-03-03,sh603200
10:21:18,38.43,-0.05,53,203746,卖盘,2005-03-03,sh603200
10:21:22,38.43,0.0,2,7686,买盘,2005-03-03,sh603200
10:21:24,38.41,-0.02,33,126783,卖盘,2005-03-03,sh603200
10:21:28,38.41,0.0,10,38405,买盘,2005-03-03,sh603200
10:21:30,38.38,-0.03,72,276462,卖盘,2005-03-03,sh603200
10:21:34,38.4,0.02,47,180424,买盘,2005-03-03,sh603200
10:21:36,38.4,0.0,33,126682,买盘,2005-03-03,sh603200
10:21:40,38.38,-0.02,27,103652,卖盘,2005-03-03,sh603200
10:21:42,38.38,0.0,22,84472,卖盘,2005-03-03,sh603200
10:21:46,38.38,0.0,28,107466,卖盘,2005-03-03,sh603200
10:21:49,38.4,0.02,27,103674,买盘,2005-03-03,sh603200
10:21:51,38.38,-0.02,26,99793,卖盘,2005-03-03,sh603200
10:21:54,38.4,0.02,17,65279,买盘,2005-03-03,sh603200
10:21:58,38.38,-0.02,125,479806,卖盘,2005-03-03,sh603200
10:22:01,38.39,0.01,22,84446,中性盘,2005-03-03,sh603200
10:22:04,38.39,0.0,30,115153,买盘,2005-03-03,sh603200
10:22:07,38.38,-0.01,31,118988,卖盘,2005-03-03,sh603200
10:22:09,38.38,0.0,30,115153,中性盘,2005-03-03,sh603200
10:22:13,38.4,0.02,320,1228717,买盘,2005-03-03,sh603200
10:22:15,38.4,0.0,59,226560,买盘,2005-03-03,sh603200
10:22:18,38.4,0.0,51,195835,买盘,2005-03-03,sh603200
10:22:22,38.41,0.01,46,176656,买盘,2005-03-03,sh603200
10:22:24,38.41,0.0,15,57619,卖盘,2005-03-03,sh603200
10:22:27,38.48,0.07,30,115312,买盘,2005-03-03,sh603200
10:22:30,38.48,0.0,61,234439,买盘,2005-03-03,sh603200
10:22:34,38.43,-0.05,16,61558,卖盘,2005-03-03,sh603200
10:22:37,38.43,0.0,43,165392,卖盘,2005-03-03,sh603200
10:22:40,38.48,0.05,27,103866,买盘,2005-03-03,sh603200
10:22:43,38.48,0.0,22,83760,买盘,2005-03-03,sh603200
10:22:45,38.49,0.01,9,34645,中性盘,2005-03-03,sh603200
10:22:48,38.54,0.05,29,111613,买盘,2005-03-03,sh603200
10:22:51,38.53,-0.01,13,50098,卖盘,2005-03-03,sh603200
10:22:54,38.54,0.01,40,154142,买盘,2005-03-03,sh603200
10:22:58,38.56,0.02,14,53970,买盘,2005-03-03,sh603200
10:23:00,38.56,0.0,26,100256,买盘,2005-03-03,sh603200
10:23:03,38.56,0.0,20,77119,买盘,2005-03-03,sh603200
10:23:06,38.57,0.01,2,7714,买盘,2005-03-03,sh603200
10:23:10,38.57,0.0,3,11571,买盘,2005-03-03,sh603200
10:23:13,38.57,0.0,6,23142,卖盘,2005-03-03,sh603200
10:23:16,38.58,0.01,226,871222,买盘,2005-03-03,sh603200
10:23:18,38.59,0.01,9,34727,买盘,2005-03-03,sh603200
10:23:22,38.59,0.0,44,169772,买盘,2005-03-03,sh603200
10:23:24,38.56,-0.03,99,382009,卖盘,2005-03-03,sh603200
10:23:28,38.58,0.02,33,127296,买盘,2005-03-03,sh603200
10:23:31,38.58,0.0,10,38580,买盘,2005-03-03,sh603200
10:23:33,38.58,0.0,26,100302,买盘,2005-03-03,sh603200
10:23:36,38.58,0.0,28,108023,买盘,2005-03-03,sh603200
10:23:39,38.58,0.0,21,81010,买盘,2005-03-03,sh603200
10:23:42,38.56,-0.02,12,46286,卖盘,2005-03-03,sh603200
10:23:45,38.56,0.0,16,61684,卖盘,2005-03-03,sh603200
10:23:48,38.56,0.0,24,92530,买盘,2005-03-03,sh603200
10:23:51,38.57,0.01,12,46260,买盘,2005-03-03,sh603200
10:23:54,38.5,-0.07,64,246681,卖盘,2005-03-03,sh603200
10:23:57,38.52,0.02,19,73204,中性盘,2005-03-03,sh603200
10:24:00,38.52,0.0,5,19260,买盘,2005-03-03,sh603200
10:24:04,38.53,0.01,12,46235,买盘,2005-03-03,sh603200
10:24:07,38.5,-0.03,65,250262,卖盘,2005-03-03,sh603200
10:24:10,38.49,-0.01,27,103940,卖盘,2005-03-03,sh603200
10:24:12,38.5,0.01,29,111650,买盘,2005-03-03,sh603200
10:24:15,38.5,0.0,1,3850,买盘,2005-03-03,sh603200
10:24:19,38.5,0.0,66,254294,买盘,2005-03-03,sh603200
10:24:21,38.4,-0.1,200,769459,卖盘,2005-03-03,sh603200
10:24:25,38.39,-0.01,18,69116,卖盘,2005-03-03,sh603200
10:24:27,38.39,0.0,19,72946,卖盘,2005-03-03,sh603200
10:24:30,38.39,0.0,21,80618,买盘,2005-03-03,sh603200
10:24:34,38.38,-0.01,159,610264,卖盘,2005-03-03,sh603200
10:24:36,38.38,0.0,20,75569,买盘,2005-03-03,sh603200
10:24:39,38.38,0.0,19,72924,卖盘,2005-03-03,sh603200
10:24:43,38.39,0.01,15,57572,中性盘,2005-03-03,sh603200
10:24:45,38.38,-0.01,5,19193,卖盘,2005-03-03,sh603200
10:24:48,38.38,0.0,46,176576,卖盘,2005-03-03,sh603200
10:24:52,38.38,0.0,19,72925,卖盘,2005-03-03,sh603200
10:24:54,38.4,0.02,10,38388,买盘,2005-03-03,sh603200
10:24:57,38.39,-0.01,41,157431,中性盘,2005-03-03,sh603200
10:25:00,38.38,-0.01,15,57575,卖盘,2005-03-03,sh603200
10:25:04,38.38,0.0,57,218825,卖盘,2005-03-03,sh603200
10:25:06,38.4,0.02,66,252481,买盘,2005-03-03,sh603200
10:25:09,38.49,0.09,8,30791,买盘,2005-03-03,sh603200
10:25:13,38.4,-0.09,64,245865,卖盘,2005-03-03,sh603200
10:25:18,38.46,0.06,36,138357,买盘,2005-03-03,sh603200
10:25:22,38.42,-0.04,46,176674,卖盘,2005-03-03,sh603200
10:25:24,38.57,0.15,122,469686,买盘,2005-03-03,sh603200
10:25:28,38.57,0.0,59,227565,卖盘,2005-03-03,sh603200
10:25:31,38.57,0.0,21,81008,卖盘,2005-03-03,sh603200
10:25:33,38.57,0.0,464,1787683,卖盘,2005-03-03,sh603200
10:25:36,38.69,0.12,303,1169036,买盘,2005-03-03,sh603200
10:25:39,38.7,0.01,11,42569,买盘,2005-03-03,sh603200
10:25:42,38.71,0.01,32,123837,买盘,2005-03-03,sh603200
10:25:46,38.88,0.17,94,363571,买盘,2005-03-03,sh603200
10:25:48,38.89,0.01,104,405856,买盘,2005-03-03,sh603200
10:25:51,38.89,0.0,9,36559,买盘,2005-03-03,sh603200
10:25:54,38.99,0.1,188,731754,买盘,2005-03-03,sh603200
10:25:57,38.99,0.0,2,7798,买盘,2005-03-03,sh603200
10:26:00,39.0,0.01,34,132585,买盘,2005-03-03,sh603200
10:26:04,39.0,0.0,18,70200,买盘,2005-03-03,sh603200
10:26:06,38.99,-0.01,86,335388,卖盘,2005-03-03,sh603200
10:26:09,39.0,0.01,106,413399,买盘,2005-03-03,sh603200
10:26:12,38.99,-0.01,55,214483,卖盘,2005-03-03,sh603200
10:26:16,39.0,0.01,46,179376,买盘,2005-03-03,sh603200
10:26:19,38.99,-0.01,80,311932,卖盘,2005-03-03,sh603200
10:26:22,38.98,-0.01,21,81876,卖盘,2005-03-03,sh603200
10:26:25,38.98,0.0,30,116955,卖盘,2005-03-03,sh603200
10:26:28,38.96,-0.02,57,222044,卖盘,2005-03-03,sh603200
10:26:31,38.99,0.03,111,431913,买盘,2005-03-03,sh603200
10:26:34,38.88,-0.11,16,62286,卖盘,2005-03-03,sh603200
10:26:36,38.89,0.01,9,35001,中性盘,2005-03-03,sh603200
10:26:39,38.78,-0.11,4,15496,中性盘,2005-03-03,sh603200
10:26:42,38.78,0.0,4,15512,买盘,2005-03-03,sh603200
10:26:45,38.7,-0.08,11,42646,卖盘,2005-03-03,sh603200
10:26:49,38.62,-0.08,46,177946,卖盘,2005-03-03,sh603200
10:26:52,38.7,0.08,36,139272,买盘,2005-03-03,sh603200
10:26:55,38.7,0.0,6,23218,买盘,2005-03-03,sh603200
10:26:57,38.7,0.0,8,30918,买盘,2005-03-03,sh603200
10:27:00,38.7,0.0,9,34824,买盘,2005-03-03,sh603200
10:27:03,38.7,0.0,9,34813,买盘,2005-03-03,sh603200
10:27:07,38.71,0.01,4,15481,中性盘,2005-03-03,sh603200
10:27:09,38.71,0.0,14,54257,卖盘,2005-03-03,sh603200
10:27:12,38.7,-0.01,24,93010,卖盘,2005-03-03,sh603200
10:27:15,38.7,0.0,4,15480,中性盘,2005-03-03,sh603200
10:27:19,38.62,-0.08,61,235732,卖盘,2005-03-03,sh603200
10:27:21,38.65,0.03,49,189253,买盘,2005-03-03,sh603200
10:27:24,38.65,0.0,12,46310,买盘,2005-03-03,sh603200
10:27:28,38.65,0.0,37,142990,买盘,2005-03-03,sh603200
10:27:31,38.6,-0.05,34,131293,卖盘,2005-03-03,sh603200
10:27:34,38.65,0.05,11,42515,买盘,2005-03-03,sh603200
10:27:36,38.65,0.0,15,57955,买盘,2005-03-03,sh603200
10:27:39,38.6,-0.05,69,266588,卖盘,2005-03-03,sh603200
10:27:42,38.62,0.02,9,34780,中性盘,2005-03-03,sh603200
10:27:45,38.6,-0.02,53,204585,卖盘,2005-03-03,sh603200
10:27:49,38.6,0.0,4,15440,买盘,2005-03-03,sh603200
10:27:51,38.58,-0.02,11,42440,卖盘,2005-03-03,sh603200
10:27:55,38.58,0.0,21,81018,买盘,2005-03-03,sh603200
10:27:58,38.55,-0.03,3,11568,卖盘,2005-03-03,sh603200
10:28:01,38.5,-0.05,76,292700,卖盘,2005-03-03,sh603200
10:28:03,38.5,0.0,12,46200,买盘,2005-03-03,sh603200
10:28:06,38.61,0.11,299,1152806,买盘,2005-03-03,sh603200
10:28:09,38.65,0.04,17,65705,买盘,2005-03-03,sh603200
10:28:12,38.77,0.12,23,89069,买盘,2005-03-03,sh603200
10:28:16,38.8,0.03,276,1066322,中性盘,2005-03-03,sh603200
10:28:19,38.82,0.02,27,104804,中性盘,2005-03-03,sh603200
10:28:22,38.86,0.04,18,69881,买盘,2005-03-03,sh603200
10:28:25,38.88,0.02,46,178888,中性盘,2005-03-03,sh603200
10:28:28,38.9,0.02,7,27230,买盘,2005-03-03,sh603200
10:28:30,38.95,0.05,21,81775,买盘,2005-03-03,sh603200
10:28:33,39.0,0.05,149,580952,买盘,2005-03-03,sh603200
10:28:36,39.02,0.02,349,1361370,买盘,2005-03-03,sh603200
10:28:40,39.08,0.06,544,2119521,买盘,2005-03-03,sh603200
10:28:42,39.15,0.07,43,168184,买盘,2005-03-03,sh603200
10:28:45,39.17,0.02,7,27414,买盘,2005-03-03,sh603200
10:28:49,39.2,0.03,45,176304,买盘,2005-03-03,sh603200
10:28:51,39.21,0.01,78,305834,买盘,2005-03-03,sh603200
10:28:54,39.24,0.03,130,510415,买盘,2005-03-03,sh603200
10:28:57,39.24,0.0,112,439922,卖盘,2005-03-03,sh603200
10:29:00,39.36,0.12,76,299573,卖盘,2005-03-03,sh603200
10:29:03,39.5,0.14,149,587236,买盘,2005-03-03,sh603200
10:29:06,39.37,-0.13,42,165459,卖盘,2005-03-03,sh603200
10:29:09,39.37,0.0,127,500006,卖盘,2005-03-03,sh603200
10:29:13,39.58,0.21,168,662973,买盘,2005-03-03,sh603200
10:29:15,39.56,-0.02,102,402481,卖盘,2005-03-03,sh603200
10:29:18,39.5,-0.06,137,542231,中性盘,2005-03-03,sh603200
10:29:21,39.38,-0.12,85,335053,卖盘,2005-03-03,sh603200
10:29:24,39.5,0.12,47,185353,买盘,2005-03-03,sh603200
10:29:27,39.44,-0.06,181,713729,卖盘,2005-03-03,sh603200
10:29:30,39.5,0.06,107,423254,买盘,2005-03-03,sh603200
10:29:33,39.39,-0.11,215,847250,卖盘,2005-03-03,sh603200
10:29:37,39.5,0.11,83,327802,买盘,2005-03-03,sh603200
10:29:39,39.5,0.0,47,185625,买盘,2005-03-03,sh603200
10:29:42,39.44,-0.06,107,422020,卖盘,2005-03-03,sh603200
10:29:46,39.39,-0.05,43,169513,卖盘,2005-03-03,sh603200
10:29:49,39.48,0.09,32,126243,买盘,2005-03-03,sh603200
10:29:51,39.49,0.01,175,690464,买盘,2005-03-03,sh603200
10:29:54,39.48,-0.01,181,713738,卖盘,2005-03-03,sh603200
10:29:57,39.49,0.01,146,576124,买盘,2005-03-03,sh603200
10:30:00,39.4,-0.09,39,153825,中性盘,2005-03-03,sh603200
10:30:03,39.48,0.08,30,118252,买盘,2005-03-03,sh603200
10:30:06,39.48,0.0,30,118324,买盘,2005-03-03,sh603200
10:30:10,39.48,0.0,7,27632,买盘,2005-03-03,sh603200
10:30:13,39.49,0.01,94,370928,买盘,2005-03-03,sh603200
10:30:15,39.49,0.0,78,307961,买盘,2005-03-03,sh603200
10:30:18,39.49,0.0,41,161868,买盘,2005-03-03,sh603200
10:30:21,39.47,-0.02,21,82893,中性盘,2005-03-03,sh603200
10:30:25,39.49,0.02,157,619709,买盘,2005-03-03,sh603200
10:30:27,39.39,-0.1,100,394131,卖盘,2005-03-03,sh603200
10:30:30,39.39,0.0,35,137863,买盘,2005-03-03,sh603200
10:30:33,39.39,0.0,2,7878,买盘,2005-03-03,sh603200
10:30:37,39.39,0.0,46,181160,买盘,2005-03-03,sh603200
10:30:39,39.36,-0.03,56,220351,买盘,2005-03-03,sh603200
10:30:42,39.35,-0.01,59,232336,卖盘,2005-03-03,sh603200
10:30:46,39.34,-0.01,13,51022,中性盘,2005-03-03,sh603200
10:30:49,39.32,-0.02,6,23587,中性盘,2005-03-03,sh603200
10:30:51,39.35,0.03,76,298521,买盘,2005-03-03,sh603200
10:30:54,39.32,-0.03,6,23517,中性盘,2005-03-03,sh603200
10:30:57,39.33,0.01,37,145381,买盘,2005-03-03,sh603200
10:31:00,39.35,0.02,57,224209,买盘,2005-03-03,sh603200
10:31:04,39.33,-0.02,328,1290032,卖盘,2005-03-03,sh603200
10:31:07,39.32,-0.01,17,66851,卖盘,2005-03-03,sh603200
10:31:10,39.3,-0.02,53,208363,卖盘,2005-03-03,sh603200
10:31:13,39.3,0.0,5,19650,买盘,2005-03-03,sh603200
10:31:16,39.3,0.0,43,168990,买盘,2005-03-03,sh603200
10:31:19,39.29,-0.01,9,35356,中性盘,2005-03-03,sh603200
10:31:21,39.21,-0.08,148,581767,中性盘,2005-03-03,sh603200
10:31:24,39.48,0.27,163,642015,买盘,2005-03-03,sh603200
10:31:28,39.42,-0.06,9,35478,中性盘,2005-03-03,sh603200
10:31:30,39.5,0.08,156,616018,买盘,2005-03-03,sh603200
10:31:34,39.57,0.07,25,98815,买盘,2005-03-03,sh603200
10:31:37,39.57,0.0,14,54302,中性盘,2005-03-03,sh603200
10:31:40,39.66,0.09,12,47591,买盘,2005-03-03,sh603200
10:31:42,39.75,0.09,46,182649,买盘,2005-03-03,sh603200
10:31:46,39.65,-0.1,225,894079,卖盘,2005-03-03,sh603200
10:31:48,39.82,0.17,74,293669,买盘,2005-03-03,sh603200
10:31:51,39.9,0.08,228,909176,买盘,2005-03-03,sh603200
10:31:55,39.9,0.0,92,365519,买盘,2005-03-03,sh603200
10:31:57,39.9,0.0,20,79800,买盘,2005-03-03,sh603200
10:32:01,39.86,-0.04,94,374987,卖盘,2005-03-03,sh603200
10:32:04,39.82,-0.04,162,645400,卖盘,2005-03-03,sh603200
10:32:06,39.81,-0.01,15,59686,中性盘,2005-03-03,sh603200
10:32:09,39.71,-0.1,40,159078,卖盘,2005-03-03,sh603200
10:32:12,39.65,-0.06,157,622529,卖盘,2005-03-03,sh603200
10:32:16,39.65,0.0,46,181938,买盘,2005-03-03,sh603200
10:32:19,39.64,-0.01,6,23735,买盘,2005-03-03,sh603200
10:32:22,39.5,-0.14,22,87108,卖盘,2005-03-03,sh603200
10:32:25,39.47,-0.03,49,193547,卖盘,2005-03-03,sh603200
10:32:28,39.47,0.0,8,31576,买盘,2005-03-03,sh603200
10:32:31,39.46,-0.01,2,7893,中性盘,2005-03-03,sh603200
10:32:34,39.47,0.01,21,82664,买盘,2005-03-03,sh603200
10:32:36,39.45,-0.02,31,122285,中性盘,2005-03-03,sh603200
10:32:40,39.32,-0.13,51,200965,卖盘,2005-03-03,sh603200
10:32:43,39.35,0.03,39,153561,买盘,2005-03-03,sh603200
10:32:46,39.32,-0.03,16,62918,卖盘,2005-03-03,sh603200
10:32:48,39.31,-0.01,21,82597,卖盘,2005-03-03,sh603200
10:32:51,39.3,-0.01,40,157222,卖盘,2005-03-03,sh603200
10:32:54,39.31,0.01,19,74687,中性盘,2005-03-03,sh603200
10:32:57,39.3,-0.01,118,463845,卖盘,2005-03-03,sh603200
10:33:01,39.32,0.02,11,43252,买盘,2005-03-03,sh603200
10:33:03,39.32,0.0,40,157292,卖盘,2005-03-03,sh603200
10:33:07,39.31,-0.01,53,208337,卖盘,2005-03-03,sh603200
10:33:09,39.32,0.01,50,196558,买盘,2005-03-03,sh603200
10:33:13,39.35,0.03,38,149422,买盘,2005-03-03,sh603200
10:33:15,39.4,0.05,11,43309,买盘,2005-03-03,sh603200
10:33:19,39.43,0.03,8,31529,买盘,2005-03-03,sh603200
10:33:21,39.43,0.0,65,256108,买盘,2005-03-03,sh603200
10:33:25,39.46,0.03,11,43379,买盘,2005-03-03,sh603200
10:33:28,39.46,0.0,10,39456,买盘,2005-03-03,sh603200
10:33:31,39.49,0.03,33,130219,买盘,2005-03-03,sh603200
10:33:33,39.5,0.01,21,82941,买盘,2005-03-03,sh603200
10:33:36,39.49,-0.01,33,130328,卖盘,2005-03-03,sh603200
10:33:39,39.49,0.0,26,102672,买盘,2005-03-03,sh603200
10:33:42,39.49,0.0,24,94766,买盘,2005-03-03,sh603200
10:33:45,39.46,-0.03,78,307798,卖盘,2005-03-03,sh603200
10:33:49,39.46,0.0,10,39454,买盘,2005-03-03,sh603200
10:33:51,39.4,-0.06,27,106418,卖盘,2005-03-03,sh603200
10:33:54,39.44,0.04,4,15770,买盘,2005-03-03,sh603200
10:33:57,39.44,0.0,21,82843,卖盘,2005-03-03,sh603200
10:34:00,39.43,-0.01,9,35487,卖盘,2005-03-03,sh603200
10:34:03,39.43,0.0,51,201094,卖盘,2005-03-03,sh603200
10:34:06,39.44,0.01,19,74924,买盘,2005-03-03,sh603200
10:34:09,39.4,-0.04,210,826738,卖盘,2005-03-03,sh603200
10:34:12,39.4,0.0,39,153667,买盘,2005-03-03,sh603200
10:34:15,39.3,-0.1,151,593499,卖盘,2005-03-03,sh603200
10:34:18,39.3,0.0,38,149320,买盘,2005-03-03,sh603200
10:34:22,39.29,-0.01,4,15718,卖盘,2005-03-03,sh603200
10:34:24,39.29,0.0,3,11787,卖盘,2005-03-03,sh603200
10:34:27,39.29,0.0,23,90340,买盘,2005-03-03,sh603200
10:34:31,39.18,-0.11,20,78408,卖盘,2005-03-03,sh603200
10:34:33,39.25,0.07,8,31400,买盘,2005-03-03,sh603200
10:34:36,39.25,0.0,22,86263,买盘,2005-03-03,sh603200
10:34:39,39.2,-0.05,15,58805,卖盘,2005-03-03,sh603200
10:34:42,39.2,0.0,47,184288,卖盘,2005-03-03,sh603200
10:34:46,39.18,-0.02,4,15674,卖盘,2005-03-03,sh603200
10:34:48,39.18,0.0,5,19590,买盘,2005-03-03,sh603200
10:34:51,39.18,0.0,4,15669,买盘,2005-03-03,sh603200
10:34:54,39.15,-0.03,22,86172,卖盘,2005-03-03,sh603200
10:34:57,39.13,-0.02,17,66575,卖盘,2005-03-03,sh603200
10:35:01,39.11,-0.02,11,43030,卖盘,2005-03-03,sh603200
10:35:03,39.18,0.07,19,74406,买盘,2005-03-03,sh603200
10:35:06,39.11,-0.07,3,11738,卖盘,2005-03-03,sh603200
10:35:10,39.15,0.04,69,269980,买盘,2005-03-03,sh603200
10:35:12,39.11,-0.04,7,27392,卖盘,2005-03-03,sh603200
10:35:15,39.18,0.07,20,78360,买盘,2005-03-03,sh603200
10:35:19,39.19,0.01,1,3919,中性盘,2005-03-03,sh603200
10:35:21,39.2,0.01,22,86212,买盘,2005-03-03,sh603200
10:35:24,39.2,0.0,20,78399,买盘,2005-03-03,sh603200
10:35:27,39.25,0.05,127,498289,买盘,2005-03-03,sh603200
10:35:30,39.25,0.0,14,54950,卖盘,2005-03-03,sh603200
10:35:33,39.26,0.01,13,51092,卖盘,2005-03-03,sh603200
10:35:36,39.29,0.03,3,11783,中性盘,2005-03-03,sh603200
10:35:39,39.29,0.0,19,74651,卖盘,2005-03-03,sh603200
10:35:43,39.29,0.0,35,137527,卖盘,2005-03-03,sh603200
10:35:46,39.39,0.1,7,27566,买盘,2005-03-03,sh603200
10:35:49,39.39,0.0,3,11817,买盘,2005-03-03,sh603200
10:35:51,39.39,0.0,13,51196,买盘,2005-03-03,sh603200
10:35:54,39.39,0.0,75,295399,买盘,2005-03-03,sh603200
10:35:57,39.39,0.0,14,55146,买盘,2005-03-03,sh603200
10:36:00,39.39,0.0,23,90597,买盘,2005-03-03,sh603200
10:36:03,39.38,-0.01,74,291475,卖盘,2005-03-03,sh603200
10:36:09,39.37,-0.01,18,70866,卖盘,2005-03-03,sh603200
10:36:13,39.37,0.0,32,125882,买盘,2005-03-03,sh603200
10:36:15,39.36,-0.01,3,11808,买盘,2005-03-03,sh603200
10:36:18,39.36,0.0,3,11808,买盘,2005-03-03,sh603200
10:36:25,39.35,-0.01,6,23615,中性盘,2005-03-03,sh603200
10:36:28,39.3,-0.05,188,739955,卖盘,2005-03-03,sh603200
10:36:36,39.34,0.04,2,7868,买盘,2005-03-03,sh603200
10:36:40,39.3,-0.04,30,117890,卖盘,2005-03-03,sh603200
10:36:48,39.27,-0.03,8,31423,卖盘,2005-03-03,sh603200
10:36:52,39.27,0.0,3,11785,卖盘,2005-03-03,sh603200
10:36:55,39.27,0.0,16,62874,卖盘,2005-03-03,sh603200
10:36:57,39.2,-0.07,40,156906,卖盘,2005-03-03,sh603200
10:37:01,39.25,0.05,10,39251,中性盘,2005-03-03,sh603200
10:37:04,39.2,-0.05,1,3920,卖盘,2005-03-03,sh603200
10:37:06,39.2,0.0,2,7841,卖盘,2005-03-03,sh603200
10:37:09,39.21,0.01,12,47062,卖盘,2005-03-03,sh603200
10:37:12,39.21,0.0,28,109788,卖盘,2005-03-03,sh603200
10:37:16,39.21,0.0,25,98031,卖盘,2005-03-03,sh603200
10:37:18,39.25,0.04,35,137273,中性盘,2005-03-03,sh603200
10:37:21,39.26,0.01,113,443042,买盘,2005-03-03,sh603200
10:37:24,39.22,-0.04,15,58860,卖盘,2005-03-03,sh603200
10:37:28,39.22,0.0,10,39220,买盘,2005-03-03,sh603200
10:37:30,39.22,0.0,9,35298,买盘,2005-03-03,sh603200
10:37:34,39.22,0.0,8,31372,买盘,2005-03-03,sh603200
10:37:36,39.21,-0.01,2,7842,中性盘,2005-03-03,sh603200
10:37:39,39.22,0.01,73,286186,买盘,2005-03-03,sh603200
10:37:42,39.2,-0.02,1,3920,中性盘,2005-03-03,sh603200
10:37:45,39.1,-0.1,101,395389,卖盘,2005-03-03,sh603200
10:37:49,39.2,0.1,2,7840,中性盘,2005-03-03,sh603200
10:37:51,39.15,-0.05,1,3915,卖盘,2005-03-03,sh603200
10:37:54,39.09,-0.06,99,387008,卖盘,2005-03-03,sh603200
10:37:57,39.1,0.01,2,7820,买盘,2005-03-03,sh603200
10:38:00,39.08,-0.02,15,58643,卖盘,2005-03-03,sh603200
10:38:03,39.08,0.0,14,54712,买盘,2005-03-03,sh603200
10:38:07,39.04,-0.04,143,558827,卖盘,2005-03-03,sh603200
10:38:12,39.04,0.0,84,328451,卖盘,2005-03-03,sh603200
10:38:16,39.04,0.0,349,1361472,卖盘,2005-03-03,sh603200
10:38:18,39.0,-0.04,10,39021,卖盘,2005-03-03,sh603200
10:38:22,39.0,0.0,7,27303,卖盘,2005-03-03,sh603200
10:38:24,39.03,0.03,47,183330,买盘,2005-03-03,sh603200
10:38:28,39.0,-0.03,33,128700,卖盘,2005-03-03,sh603200
10:38:30,39.02,0.02,48,187202,买盘,2005-03-03,sh603200
10:38:33,39.02,0.0,12,46805,买盘,2005-03-03,sh603200
10:38:37,39.0,-0.02,183,713727,卖盘,2005-03-03,sh603200
10:38:39,39.0,0.0,6,23399,买盘,2005-03-03,sh603200
10:38:42,39.0,0.0,6,23390,买盘,2005-03-03,sh603200
10:38:46,39.0,0.0,9,35099,买盘,2005-03-03,sh603200
10:38:49,38.92,-0.08,23,89642,卖盘,2005-03-03,sh603200
10:38:51,39.0,0.08,8,31200,买盘,2005-03-03,sh603200
10:38:55,38.93,-0.07,2,7786,卖盘,2005-03-03,sh603200
10:38:58,38.94,0.01,1,3894,中性盘,2005-03-03,sh603200
10:39:01,38.94,0.0,15,58427,卖盘,2005-03-03,sh603200
10:39:03,38.93,-0.01,18,70088,卖盘,2005-03-03,sh603200
10:39:07,38.94,0.01,1,3894,买盘,2005-03-03,sh603200
10:39:09,38.94,0.0,16,62297,买盘,2005-03-03,sh603200
10:39:13,38.94,0.0,1,3894,买盘,2005-03-03,sh603200
10:39:16,38.94,0.0,8,31152,买盘,2005-03-03,sh603200
10:39:19,38.93,-0.01,36,140146,卖盘,2005-03-03,sh603200
10:39:22,38.93,0.0,50,194627,买盘,2005-03-03,sh603200
10:39:24,38.93,0.0,10,38925,买盘,2005-03-03,sh603200
10:39:28,38.91,-0.02,16,62285,中性盘,2005-03-03,sh603200
10:39:30,38.91,0.0,16,62262,卖盘,2005-03-03,sh603200
10:39:34,38.91,0.0,2,7783,卖盘,2005-03-03,sh603200
10:39:36,38.91,0.0,29,112851,卖盘,2005-03-03,sh603200
10:39:40,38.91,0.0,57,221787,卖盘,2005-03-03,sh603200
10:39:43,38.9,-0.01,6,21670,卖盘,2005-03-03,sh603200
10:39:45,38.87,-0.03,82,320579,卖盘,2005-03-03,sh603200
10:39:49,38.87,0.0,4,15548,买盘,2005-03-03,sh603200
10:39:51,38.85,-0.02,14,54390,卖盘,2005-03-03,sh603200
10:39:55,38.85,0.0,3,11655,买盘,2005-03-03,sh603200
10:39:57,38.8,-0.05,33,128075,卖盘,2005-03-03,sh603200
10:40:00,38.8,0.0,5,19401,卖盘,2005-03-03,sh603200
10:40:04,38.5,-0.3,607,2342475,卖盘,2005-03-03,sh603200
10:40:06,38.5,0.0,161,619850,买盘,2005-03-03,sh603200
10:40:10,38.5,0.0,49,188650,买盘,2005-03-03,sh603200
10:40:12,38.5,0.0,79,305459,买盘,2005-03-03,sh603200
10:40:15,38.78,0.28,94,361910,中性盘,2005-03-03,sh603200
10:40:18,38.5,-0.28,20,77000,卖盘,2005-03-03,sh603200
10:40:22,38.52,0.02,20,76997,买盘,2005-03-03,sh603200
10:40:24,38.52,0.0,1,3852,卖盘,2005-03-03,sh603200
10:40:27,38.57,0.05,4,15468,中性盘,2005-03-03,sh603200
10:40:34,38.77,0.2,23,88882,买盘,2005-03-03,sh603200
10:40:36,38.77,0.0,9,34737,买盘,2005-03-03,sh603200
10:40:39,38.57,-0.2,104,401208,卖盘,2005-03-03,sh603200
10:40:43,38.69,0.12,14,54264,卖盘,2005-03-03,sh603200
10:40:45,38.7,0.01,127,491038,买盘,2005-03-03,sh603200
10:40:49,38.7,0.0,7,27086,买盘,2005-03-03,sh603200
10:40:51,38.7,0.0,50,191804,买盘,2005-03-03,sh603200
10:40:54,38.7,0.0,92,356040,卖盘,2005-03-03,sh603200
10:40:58,38.7,0.0,10,38749,卖盘,2005-03-03,sh603200
10:41:01,38.77,0.07,3,11631,中性盘,2005-03-03,sh603200
10:41:04,38.7,-0.07,20,77423,卖盘,2005-03-03,sh603200
10:41:07,38.77,0.07,22,85147,中性盘,2005-03-03,sh603200
10:41:09,38.8,0.03,22,85285,买盘,2005-03-03,sh603200
10:41:12,38.77,-0.03,18,69771,中性盘,2005-03-03,sh603200
10:41:15,38.77,0.0,17,65945,买盘,2005-03-03,sh603200
10:41:18,38.83,0.06,5,19415,买盘,2005-03-03,sh603200
10:41:21,38.85,0.02,22,85414,买盘,2005-03-03,sh603200
10:41:28,38.83,-0.02,13,50501,卖盘,2005-03-03,sh603200
10:41:30,38.85,0.02,27,104889,买盘,2005-03-03,sh603200
10:41:33,38.85,0.0,3,11655,买盘,2005-03-03,sh603200
10:41:37,38.9,0.05,32,124313,买盘,2005-03-03,sh603200
10:41:39,38.85,-0.05,2,7770,卖盘,2005-03-03,sh603200
10:41:43,38.9,0.05,32,124420,买盘,2005-03-03,sh603200
10:41:45,38.89,-0.01,20,77714,中性盘,2005-03-03,sh603200
10:41:49,38.9,0.01,20,77737,买盘,2005-03-03,sh603200
10:41:51,38.9,0.0,13,50570,卖盘,2005-03-03,sh603200
10:41:54,38.91,0.01,10,38910,买盘,2005-03-03,sh603200
10:41:57,38.93,0.02,15,60146,买盘,2005-03-03,sh603200
10:42:00,38.94,0.01,13,50608,买盘,2005-03-03,sh603200
10:42:03,38.92,-0.02,20,77865,卖盘,2005-03-03,sh603200
10:42:06,38.94,0.02,6,23363,买盘,2005-03-03,sh603200
10:42:09,38.94,0.0,14,54516,买盘,2005-03-03,sh603200
10:42:15,38.95,0.01,1,3895,中性盘,2005-03-03,sh603200
10:42:18,38.94,-0.01,31,120716,卖盘,2005-03-03,sh603200
10:42:21,38.92,-0.02,7,27254,卖盘,2005-03-03,sh603200
10:42:24,38.94,0.02,4,15576,买盘,2005-03-03,sh603200
10:42:27,38.92,-0.02,17,66188,卖盘,2005-03-03,sh603200
10:42:31,38.94,0.02,52,202525,买盘,2005-03-03,sh603200
10:42:36,39.0,0.06,1,3900,买盘,2005-03-03,sh603200
10:42:39,39.0,0.0,7,27275,买盘,2005-03-03,sh603200
10:42:43,39.0,0.0,19,74100,买盘,2005-03-03,sh603200
10:42:45,38.93,-0.07,73,284324,卖盘,2005-03-03,sh603200
10:42:48,38.93,0.0,4,15572,买盘,2005-03-03,sh603200
10:42:52,38.93,0.0,24,93432,买盘,2005-03-03,sh603200
10:42:55,38.93,0.0,9,35042,卖盘,2005-03-03,sh603200
10:42:58,38.94,0.01,13,50622,买盘,2005-03-03,sh603200
10:43:00,38.93,-0.01,6,23358,卖盘,2005-03-03,sh603200
10:43:03,38.94,0.01,10,38940,买盘,2005-03-03,sh603200
10:43:06,38.94,0.0,25,97343,卖盘,2005-03-03,sh603200
10:43:09,38.94,0.0,2,7794,中性盘,2005-03-03,sh603200
10:43:12,38.94,0.0,4,15582,卖盘,2005-03-03,sh603200
10:43:15,39.0,0.06,27,105299,买盘,2005-03-03,sh603200
10:43:18,38.95,-0.05,11,42865,卖盘,2005-03-03,sh603200
10:43:21,39.0,0.05,1,3900,买盘,2005-03-03,sh603200
10:43:25,39.0,0.0,3,13182,买盘,2005-03-03,sh603200
10:43:28,39.0,0.0,28,109200,卖盘,2005-03-03,sh603200
10:43:33,39.05,0.05,30,117150,买盘,2005-03-03,sh603200
10:43:36,39.05,0.0,40,156150,买盘,2005-03-03,sh603200
10:43:39,39.05,0.0,9,35130,买盘,2005-03-03,sh603200
10:43:43,39.05,0.0,1,3905,买盘,2005-03-03,sh603200
10:43:46,39.11,0.06,13,50843,买盘,2005-03-03,sh603200
10:43:48,39.11,0.0,46,179906,买盘,2005-03-03,sh603200
10:43:52,39.15,0.04,1,3915,买盘,2005-03-03,sh603200
10:43:55,39.15,0.0,119,465436,买盘,2005-03-03,sh603200
10:43:58,38.88,-0.27,247,962990,卖盘,2005-03-03,sh603200
10:44:00,39.15,0.27,31,121365,买盘,2005-03-03,sh603200
10:44:03,39.15,0.0,14,54802,买盘,2005-03-03,sh603200
10:44:07,39.12,-0.03,38,148757,卖盘,2005-03-03,sh603200
10:44:09,39.12,0.0,32,125184,买盘,2005-03-03,sh603200
10:44:13,39.07,-0.05,18,70321,买盘,2005-03-03,sh603200
10:44:15,39.06,-0.01,53,207083,卖盘,2005-03-03,sh603200
10:44:18,39.06,0.0,31,121086,买盘,2005-03-03,sh603200
10:44:21,39.06,0.0,22,85902,买盘,2005-03-03,sh603200
10:44:24,39.02,-0.04,5,19522,中性盘,2005-03-03,sh603200
10:44:27,39.0,-0.02,65,253500,卖盘,2005-03-03,sh603200
10:44:30,38.98,-0.02,44,171590,卖盘,2005-03-03,sh603200
10:44:33,38.98,0.0,8,31184,买盘,2005-03-03,sh603200
10:44:36,39.0,0.02,81,315860,买盘,2005-03-03,sh603200
10:44:40,38.99,-0.01,72,280728,中性盘,2005-03-03,sh603200
10:44:42,38.99,0.0,21,81869,买盘,2005-03-03,sh603200
10:44:45,39.01,0.02,21,81899,买盘,2005-03-03,sh603200
10:44:49,39.0,-0.01,253,983482,卖盘,2005-03-03,sh603200
10:44:52,39.0,0.0,19,74087,买盘,2005-03-03,sh603200
10:44:54,39.0,0.0,14,54600,买盘,2005-03-03,sh603200
10:44:57,39.0,0.0,15,58499,买盘,2005-03-03,sh603200
10:45:00,39.0,0.0,37,144300,买盘,2005-03-03,sh603200
10:45:03,39.0,0.0,22,85796,买盘,2005-03-03,sh603200
10:45:06,38.99,-0.01,15,58497,卖盘,2005-03-03,sh603200
10:45:09,38.99,0.0,8,31197,卖盘,2005-03-03,sh603200
10:45:13,39.12,0.13,25,97627,买盘,2005-03-03,sh603200
10:45:15,39.0,-0.12,9,35100,卖盘,2005-03-03,sh603200
10:45:18,39.0,0.0,98,382200,卖盘,2005-03-03,sh603200
10:45:21,39.0,0.0,25,97508,买盘,2005-03-03,sh603200
10:45:24,39.12,0.12,28,109532,买盘,2005-03-03,sh603200
10:45:30,39.12,0.0,13,50853,买盘,2005-03-03,sh603200
10:45:34,39.15,0.03,94,368010,买盘,2005-03-03,sh603200
10:45:36,39.19,0.04,41,161113,买盘,2005-03-03,sh603200
10:45:39,39.16,-0.03,3,11756,卖盘,2005-03-03,sh603200
10:45:42,39.2,0.04,67,262420,买盘,2005-03-03,sh603200
10:45:45,39.33,0.13,46,180645,买盘,2005-03-03,sh603200
10:45:48,39.38,0.05,102,401594,买盘,2005-03-03,sh603200
10:45:52,39.35,-0.03,47,184945,卖盘,2005-03-03,sh603200
10:45:55,39.35,0.0,15,59025,买盘,2005-03-03,sh603200
10:45:58,39.2,-0.15,492,1921390,卖盘,2005-03-03,sh603200
10:46:01,39.31,0.11,1,3931,买盘,2005-03-03,sh603200
10:46:04,39.31,0.0,17,66794,买盘,2005-03-03,sh603200
10:46:07,39.3,-0.01,25,98073,卖盘,2005-03-03,sh603200
10:46:09,39.27,-0.03,11,43197,中性盘,2005-03-03,sh603200
10:46:12,39.27,0.0,12,47119,买盘,2005-03-03,sh603200
10:46:15,39.01,-0.26,27,105396,卖盘,2005-03-03,sh603200
10:46:19,39.01,0.0,73,284773,买盘,2005-03-03,sh603200
10:46:21,39.01,0.0,1,3901,买盘,2005-03-03,sh603200
10:46:24,39.01,0.0,9,35109,买盘,2005-03-03,sh603200
10:46:27,39.01,0.0,17,66317,买盘,2005-03-03,sh603200
10:46:30,38.8,-0.21,353,1370572,卖盘,2005-03-03,sh603200
10:46:33,38.8,0.0,6,23280,买盘,2005-03-03,sh603200
10:46:37,38.8,0.0,23,89240,买盘,2005-03-03,sh603200
10:46:39,38.8,0.0,29,112514,买盘,2005-03-03,sh603200
10:46:43,38.77,-0.03,62,240443,卖盘,2005-03-03,sh603200
10:46:45,38.77,0.0,57,220989,买盘,2005-03-03,sh603200
10:46:48,38.76,-0.01,39,151198,卖盘,2005-03-03,sh603200
10:46:51,38.76,0.0,3,11628,买盘,2005-03-03,sh603200
10:46:55,38.77,0.01,18,69781,买盘,2005-03-03,sh603200
10:46:57,38.8,0.03,11,42646,买盘,2005-03-03,sh603200
10:47:04,38.8,0.0,14,54317,买盘,2005-03-03,sh603200
10:47:07,38.77,-0.03,22,85307,卖盘,2005-03-03,sh603200
10:47:10,38.77,0.0,161,624197,买盘,2005-03-03,sh603200
10:47:13,38.77,0.0,27,104678,买盘,2005-03-03,sh603200
10:47:16,38.77,0.0,39,151198,买盘,2005-03-03,sh603200
10:47:19,38.77,0.0,51,197822,卖盘,2005-03-03,sh603200
10:47:21,38.9,0.13,1,3890,买盘,2005-03-03,sh603200
10:47:24,38.77,-0.13,53,205544,卖盘,2005-03-03,sh603200
10:47:27,38.9,0.13,1,3890,卖盘,2005-03-03,sh603200
10:47:30,38.9,0.0,14,54460,卖盘,2005-03-03,sh603200
10:47:33,38.9,0.0,3,11681,卖盘,2005-03-03,sh603200
10:47:36,38.9,0.0,21,81805,卖盘,2005-03-03,sh603200
10:47:39,39.25,0.35,4,15676,买盘,2005-03-03,sh603200
10:47:45,39.03,-0.22,3,11729,卖盘,2005-03-03,sh603200
10:47:49,39.21,0.18,16,62357,买盘,2005-03-03,sh603200
10:47:54,39.26,0.05,1,3926,买盘,2005-03-03,sh603200
10:47:58,39.28,0.02,26,102009,买盘,2005-03-03,sh603200
10:48:00,39.28,0.0,2,7856,卖盘,2005-03-03,sh603200
10:48:03,39.3,0.02,2,7860,买盘,2005-03-03,sh603200
10:48:07,39.29,-0.01,6,23576,中性盘,2005-03-03,sh603200
10:48:10,39.28,-0.01,23,90345,卖盘,2005-03-03,sh603200
10:48:13,39.29,0.01,6,23577,卖盘,2005-03-03,sh603200
10:48:15,39.28,-0.01,37,145318,卖盘,2005-03-03,sh603200
10:48:18,39.28,0.0,30,117840,买盘,2005-03-03,sh603200
10:48:21,39.28,0.0,24,94264,买盘,2005-03-03,sh603200
10:48:24,39.26,-0.02,14,54975,中性盘,2005-03-03,sh603200
10:48:27,39.24,-0.02,43,168854,卖盘,2005-03-03,sh603200
10:48:31,39.21,-0.03,31,121566,卖盘,2005-03-03,sh603200
10:48:33,38.9,-0.31,10,38989,卖盘,2005-03-03,sh603200
10:48:36,39.18,0.28,57,223376,买盘,2005-03-03,sh603200
10:48:43,38.99,-0.19,4,15596,中性盘,2005-03-03,sh603200
10:48:49,38.95,-0.04,3,11693,卖盘,2005-03-03,sh603200
10:48:54,39.0,0.05,1,3900,卖盘,2005-03-03,sh603200
10:48:57,39.01,0.01,17,66333,卖盘,2005-03-03,sh603200
10:49:00,39.01,0.0,32,124948,卖盘,2005-03-03,sh603200
10:49:07,39.17,0.16,11,43053,买盘,2005-03-03,sh603200
10:49:13,39.17,0.0,9,35253,卖盘,2005-03-03,sh603200
10:49:15,39.17,0.0,10,39170,买盘,2005-03-03,sh603200
10:49:18,39.17,0.0,12,46992,买盘,2005-03-03,sh603200
10:49:21,39.17,0.0,4,15668,买盘,2005-03-03,sh603200
10:49:25,39.17,0.0,14,54805,买盘,2005-03-03,sh603200
10:49:28,39.17,0.0,4,15668,卖盘,2005-03-03,sh603200
10:49:30,39.09,-0.08,22,86130,卖盘,2005-03-03,sh603200
10:49:36,39.09,0.0,1,3909,买盘,2005-03-03,sh603200
10:49:40,39.09,0.0,27,105543,买盘,2005-03-03,sh603200
10:49:42,39.09,0.0,1,3909,卖盘,2005-03-03,sh603200
10:49:46,39.09,0.0,1,3909,卖盘,2005-03-03,sh603200
10:49:48,39.1,0.01,4,15653,中性盘,2005-03-03,sh603200
10:49:51,39.1,0.0,2,7820,卖盘,2005-03-03,sh603200
10:49:55,39.1,0.0,15,58747,卖盘,2005-03-03,sh603200
10:49:57,39.17,0.07,11,43087,买盘,2005-03-03,sh603200
10:50:00,39.2,0.03,21,82272,买盘,2005-03-03,sh603200
10:50:03,39.2,0.0,7,27437,买盘,2005-03-03,sh603200
10:50:07,39.17,-0.03,33,129351,卖盘,2005-03-03,sh603200
10:50:09,39.2,0.03,19,74441,买盘,2005-03-03,sh603200
10:50:13,39.2,0.0,235,921196,买盘,2005-03-03,sh603200
10:50:15,39.2,0.0,4,15676,买盘,2005-03-03,sh603200
10:50:18,39.16,-0.04,28,109654,卖盘,2005-03-03,sh603200
10:50:22,39.16,0.0,17,66572,买盘,2005-03-03,sh603200
10:50:25,39.16,0.0,10,39160,买盘,2005-03-03,sh603200
10:50:28,39.2,0.04,113,442644,买盘,2005-03-03,sh603200
10:50:31,39.16,-0.04,13,50920,卖盘,2005-03-03,sh603200
10:50:37,39.15,-0.01,36,140969,卖盘,2005-03-03,sh603200
10:50:40,39.15,0.0,7,27405,买盘,2005-03-03,sh603200
10:50:43,39.15,0.0,5,19575,买盘,2005-03-03,sh603200
10:50:46,39.15,0.0,6,23490,买盘,2005-03-03,sh603200
10:50:48,39.15,0.0,40,156513,中性盘,2005-03-03,sh603200
10:50:52,39.15,0.0,9,35233,卖盘,2005-03-03,sh603200
10:50:54,39.12,-0.03,5,19566,卖盘,2005-03-03,sh603200
10:50:58,39.15,0.03,20,78273,买盘,2005-03-03,sh603200
10:51:00,39.15,0.0,1,3915,买盘,2005-03-03,sh603200
10:51:03,39.15,0.0,3,11743,买盘,2005-03-03,sh603200
10:51:06,39.15,0.0,10,39150,买盘,2005-03-03,sh603200
10:51:09,39.13,-0.02,33,129193,卖盘,2005-03-03,sh603200
10:51:13,39.13,0.0,11,43099,卖盘,2005-03-03,sh603200
10:51:16,39.15,0.02,3,11753,卖盘,2005-03-03,sh603200
10:51:22,39.19,0.04,44,172436,买盘,2005-03-03,sh603200
10:51:25,39.13,-0.06,31,121461,卖盘,2005-03-03,sh603200
10:51:30,39.13,0.0,4,15652,买盘,2005-03-03,sh603200
10:51:34,39.13,0.0,7,27391,买盘,2005-03-03,sh603200
10:51:37,39.13,0.0,5,19565,买盘,2005-03-03,sh603200
10:51:39,39.13,0.0,3,11739,买盘,2005-03-03,sh603200
10:51:43,39.13,0.0,4,15651,买盘,2005-03-03,sh603200
10:51:48,39.13,0.0,10,39130,卖盘,2005-03-03,sh603200
10:51:51,39.15,0.02,5,19575,买盘,2005-03-03,sh603200
10:51:55,39.13,-0.02,37,144781,卖盘,2005-03-03,sh603200
10:51:57,39.13,0.0,3,11739,买盘,2005-03-03,sh603200
10:52:00,39.13,0.0,5,19564,买盘,2005-03-03,sh603200
10:52:03,39.13,0.0,17,66518,买盘,2005-03-03,sh603200
10:52:06,39.13,0.0,47,183812,买盘,2005-03-03,sh603200
10:52:09,39.12,-0.01,3,11736,买盘,2005-03-03,sh603200
10:52:13,39.1,-0.02,34,132960,卖盘,2005-03-03,sh603200
10:52:15,39.1,0.0,1,3910,卖盘,2005-03-03,sh603200
10:52:18,39.11,0.01,8,31288,中性盘,2005-03-03,sh603200
10:52:22,39.12,0.01,1,3912,买盘,2005-03-03,sh603200
10:52:25,39.12,0.0,1,3912,买盘,2005-03-03,sh603200
10:52:28,39.11,-0.01,4,15645,卖盘,2005-03-03,sh603200
10:52:33,39.1,-0.01,24,93862,卖盘,2005-03-03,sh603200
10:52:37,39.12,0.02,37,143167,买盘,2005-03-03,sh603200
10:52:40,39.12,0.0,2,7824,买盘,2005-03-03,sh603200
10:52:43,39.11,-0.01,52,203377,卖盘,2005-03-03,sh603200
10:52:46,39.11,0.0,17,66518,卖盘,2005-03-03,sh603200
10:52:49,39.12,0.01,1,3912,中性盘,2005-03-03,sh603200
10:52:52,39.15,0.03,4,15658,买盘,2005-03-03,sh603200
10:52:54,39.15,0.0,30,117450,买盘,2005-03-03,sh603200
10:52:58,39.15,0.0,11,43049,买盘,2005-03-03,sh603200
10:53:00,39.14,-0.01,9,35229,中性盘,2005-03-03,sh603200
10:53:04,39.14,0.0,19,74366,买盘,2005-03-03,sh603200
10:53:06,39.14,0.0,49,191669,买盘,2005-03-03,sh603200
10:53:09,39.15,0.01,40,156593,买盘,2005-03-03,sh603200
10:53:12,39.15,0.0,12,46980,卖盘,2005-03-03,sh603200
10:53:15,39.18,0.03,38,148811,买盘,2005-03-03,sh603200
10:53:19,39.18,0.0,5,19590,买盘,2005-03-03,sh603200
10:53:21,39.2,0.02,118,462520,买盘,2005-03-03,sh603200
10:53:24,39.19,-0.01,80,313596,卖盘,2005-03-03,sh603200
10:53:27,39.2,0.01,6,23520,买盘,2005-03-03,sh603200
10:53:30,39.2,0.0,46,180310,买盘,2005-03-03,sh603200
10:53:34,39.2,0.0,28,109760,买盘,2005-03-03,sh603200
10:53:36,39.21,0.01,64,250938,买盘,2005-03-03,sh603200
10:53:42,39.24,0.03,2,7848,买盘,2005-03-03,sh603200
10:53:45,39.21,-0.03,24,94195,卖盘,2005-03-03,sh603200
10:53:48,39.27,0.06,6,23562,买盘,2005-03-03,sh603200
10:53:51,39.26,-0.01,22,86376,卖盘,2005-03-03,sh603200
10:53:55,39.26,0.0,6,23553,买盘,2005-03-03,sh603200
10:53:57,39.29,0.03,5,19645,买盘,2005-03-03,sh603200
10:54:00,39.29,0.0,2,7856,买盘,2005-03-03,sh603200
10:54:03,39.28,-0.01,16,62851,卖盘,2005-03-03,sh603200
10:54:06,39.29,0.01,13,51065,买盘,2005-03-03,sh603200
10:54:10,39.29,0.0,47,184581,买盘,2005-03-03,sh603200
10:54:12,39.3,0.01,75,294682,买盘,2005-03-03,sh603200
10:54:15,39.3,0.0,27,106110,买盘,2005-03-03,sh603200
10:54:19,39.32,0.02,2,7864,买盘,2005-03-03,sh603200
10:54:25,39.35,0.03,2,7868,买盘,2005-03-03,sh603200
10:54:27,39.33,-0.02,3,11803,卖盘,2005-03-03,sh603200
10:54:31,39.36,0.03,12,47223,买盘,2005-03-03,sh603200
10:54:34,39.36,0.0,105,413043,买盘,2005-03-03,sh603200
10:54:37,39.38,0.02,30,118599,买盘,2005-03-03,sh603200
10:54:39,39.35,-0.03,16,62962,卖盘,2005-03-03,sh603200
10:54:43,39.35,0.0,23,90501,买盘,2005-03-03,sh603200
10:54:45,39.36,0.01,29,114123,买盘,2005-03-03,sh603200
10:54:48,39.36,0.0,5,19679,买盘,2005-03-03,sh603200
10:54:52,39.36,0.0,53,208608,买盘,2005-03-03,sh603200
10:54:54,39.35,-0.01,34,133790,卖盘,2005-03-03,sh603200
10:54:58,39.35,0.0,15,59025,买盘,2005-03-03,sh603200
10:55:00,39.35,0.0,14,55091,买盘,2005-03-03,sh603200
10:55:03,39.36,0.01,14,55092,买盘,2005-03-03,sh603200
10:55:07,39.36,0.0,6,23616,买盘,2005-03-03,sh603200
10:55:10,39.36,0.0,8,31488,买盘,2005-03-03,sh603200
10:55:12,39.36,0.0,2,7872,买盘,2005-03-03,sh603200
10:55:15,39.36,0.0,9,35424,买盘,2005-03-03,sh603200
10:55:18,39.36,0.0,25,98395,中性盘,2005-03-03,sh603200
10:55:21,39.35,-0.01,4,15740,卖盘,2005-03-03,sh603200
10:55:24,39.35,0.0,50,196760,卖盘,2005-03-03,sh603200
10:55:27,39.38,0.03,18,70854,买盘,2005-03-03,sh603200
10:55:33,39.36,-0.02,7,27560,卖盘,2005-03-03,sh603200
10:55:36,39.38,0.02,30,118140,买盘,2005-03-03,sh603200
10:55:42,39.37,-0.01,16,63002,卖盘,2005-03-03,sh603200
10:55:46,39.38,0.01,4,15750,买盘,2005-03-03,sh603200
10:55:49,39.36,-0.02,63,247984,卖盘,2005-03-03,sh603200
10:55:51,39.36,0.0,2,7872,卖盘,2005-03-03,sh603200
10:55:55,39.35,-0.01,7,27551,卖盘,2005-03-03,sh603200
10:55:57,39.37,0.02,18,70857,买盘,2005-03-03,sh603200
10:56:00,39.37,0.0,37,145619,买盘,2005-03-03,sh603200
10:56:04,39.37,0.0,8,31496,卖盘,2005-03-03,sh603200
10:56:06,39.35,-0.02,18,70842,卖盘,2005-03-03,sh603200
10:56:10,39.35,0.0,25,98380,中性盘,2005-03-03,sh603200
10:56:13,39.32,-0.03,8,31463,卖盘,2005-03-03,sh603200
10:56:16,39.35,0.03,53,208628,买盘,2005-03-03,sh603200
10:56:18,39.32,-0.03,5,19660,卖盘,2005-03-03,sh603200
10:56:21,39.28,-0.04,94,369488,卖盘,2005-03-03,sh603200
10:56:24,39.3,0.02,11,43230,买盘,2005-03-03,sh603200
10:56:27,39.28,-0.02,1,3928,卖盘,2005-03-03,sh603200
10:56:30,39.27,-0.01,9,35351,卖盘,2005-03-03,sh603200
10:56:33,39.28,0.01,2,7856,买盘,2005-03-03,sh603200
10:56:36,39.28,0.0,7,27490,买盘,2005-03-03,sh603200
10:56:40,39.28,0.0,52,204254,卖盘,2005-03-03,sh603200
10:56:42,39.28,0.0,17,66776,卖盘,2005-03-03,sh603200
10:56:45,39.29,0.01,14,55006,买盘,2005-03-03,sh603200
10:56:48,39.29,0.0,7,27503,卖盘,2005-03-03,sh603200
10:56:51,39.3,0.01,2,7860,中性盘,2005-03-03,sh603200
10:56:55,39.29,-0.01,65,255337,卖盘,2005-03-03,sh603200
10:57:00,39.28,-0.01,20,78565,卖盘,2005-03-03,sh603200
10:57:03,39.28,0.0,8,31421,买盘,2005-03-03,sh603200
10:57:06,39.28,0.0,24,94272,买盘,2005-03-03,sh603200
10:57:10,39.25,-0.03,14,54952,卖盘,2005-03-03,sh603200
10:57:13,39.26,0.01,11,43192,中性盘,2005-03-03,sh603200
10:57:19,39.21,-0.05,144,564685,卖盘,2005-03-03,sh603200
10:57:22,39.21,0.0,2,7842,买盘,2005-03-03,sh603200
10:57:25,39.19,-0.02,6,23519,卖盘,2005-03-03,sh603200
10:57:28,39.2,0.01,3,11761,中性盘,2005-03-03,sh603200
10:57:31,39.19,-0.01,6,23514,卖盘,2005-03-03,sh603200
10:57:34,39.15,-0.04,1,3915,卖盘,2005-03-03,sh603200
10:57:36,39.15,0.0,13,50908,卖盘,2005-03-03,sh603200
10:57:40,39.15,0.0,10,39150,卖盘,2005-03-03,sh603200
10:57:43,39.15,0.0,20,78303,卖盘,2005-03-03,sh603200
10:57:46,39.15,0.0,5,19575,买盘,2005-03-03,sh603200
10:57:48,39.14,-0.01,30,117425,卖盘,2005-03-03,sh603200
10:57:52,39.15,0.01,1,3915,买盘,2005-03-03,sh603200
10:57:55,39.14,-0.01,62,242674,卖盘,2005-03-03,sh603200
10:57:57,39.14,0.0,8,31313,卖盘,2005-03-03,sh603200
10:58:01,39.14,0.0,20,78285,卖盘,2005-03-03,sh603200
10:58:03,39.18,0.04,8,31324,买盘,2005-03-03,sh603200
10:58:06,39.14,-0.04,72,281808,卖盘,2005-03-03,sh603200
10:58:09,39.13,-0.01,13,50877,卖盘,2005-03-03,sh603200
10:58:12,39.13,0.0,23,90019,卖盘,2005-03-03,sh603200
10:58:15,39.13,0.0,13,50878,卖盘,2005-03-03,sh603200
10:58:18,39.13,0.0,32,125231,卖盘,2005-03-03,sh603200
10:58:25,39.13,0.0,2,7827,卖盘,2005-03-03,sh603200
10:58:27,39.12,-0.01,2,7825,卖盘,2005-03-03,sh603200
10:58:30,39.12,0.0,4,15648,卖盘,2005-03-03,sh603200
10:58:33,39.14,0.02,23,89992,买盘,2005-03-03,sh603200
10:58:36,39.11,-0.03,27,107122,卖盘,2005-03-03,sh603200
10:58:39,39.12,0.01,4,15645,买盘,2005-03-03,sh603200
10:58:43,39.14,0.02,40,156549,买盘,2005-03-03,sh603200
10:58:46,39.12,-0.02,11,41526,卖盘,2005-03-03,sh603200
10:58:48,39.16,0.04,3,11739,买盘,2005-03-03,sh603200
10:58:51,39.11,-0.05,7,27397,卖盘,2005-03-03,sh603200
10:58:55,39.17,0.06,9,35251,买盘,2005-03-03,sh603200
10:58:58,39.16,-0.01,3,11748,买盘,2005-03-03,sh603200
10:59:01,39.18,0.02,3,11751,买盘,2005-03-03,sh603200
10:59:06,39.17,-0.01,2,7833,买盘,2005-03-03,sh603200
10:59:09,39.17,0.0,4,15824,买盘,2005-03-03,sh603200
10:59:12,39.17,0.0,1,3917,卖盘,2005-03-03,sh603200
10:59:16,39.18,0.01,4,15672,买盘,2005-03-03,sh603200
10:59:19,39.18,0.0,7,27423,买盘,2005-03-03,sh603200
10:59:22,39.18,0.0,1,3918,买盘,2005-03-03,sh603200
10:59:25,39.18,0.0,9,35262,买盘,2005-03-03,sh603200
10:59:27,39.18,0.0,1,3918,卖盘,2005-03-03,sh603200
10:59:30,39.19,0.01,2,7838,买盘,2005-03-03,sh603200
10:59:34,39.19,0.0,22,86202,买盘,2005-03-03,sh603200
10:59:40,39.19,0.0,3,11757,卖盘,2005-03-03,sh603200
10:59:43,39.19,0.0,20,78380,卖盘,2005-03-03,sh603200
10:59:46,39.2,0.01,14,54880,买盘,2005-03-03,sh603200
10:59:48,39.2,0.0,9,35278,买盘,2005-03-03,sh603200
10:59:52,39.21,0.01,58,227388,买盘,2005-03-03,sh603200
10:59:55,39.18,-0.03,41,160688,卖盘,2005-03-03,sh603200
10:59:58,39.21,0.03,2,7839,买盘,2005-03-03,sh603200
11:00:04,39.21,0.0,2,7842,买盘,2005-03-03,sh603200
11:00:07,39.19,-0.02,2,7838,卖盘,2005-03-03,sh603200
11:00:10,39.19,0.0,20,78380,卖盘,2005-03-03,sh603200
11:00:16,39.18,-0.01,14,54859,卖盘,2005-03-03,sh603200
11:00:19,39.12,-0.06,17,66575,卖盘,2005-03-03,sh603200
11:00:22,39.17,0.05,1,3917,买盘,2005-03-03,sh603200
11:00:27,39.17,0.0,32,125243,买盘,2005-03-03,sh603200
11:00:31,39.16,-0.01,2,7832,卖盘,2005-03-03,sh603200
11:00:34,39.16,0.0,45,176188,卖盘,2005-03-03,sh603200
11:00:37,39.21,0.05,61,239076,买盘,2005-03-03,sh603200
11:00:39,39.25,0.04,6,23550,买盘,2005-03-03,sh603200
11:00:42,39.21,-0.04,127,498073,卖盘,2005-03-03,sh603200
11:00:45,39.21,0.0,54,211734,卖盘,2005-03-03,sh603200
11:00:51,39.17,-0.04,27,105783,卖盘,2005-03-03,sh603200
11:00:58,39.16,-0.01,17,66573,卖盘,2005-03-03,sh603200
11:01:00,39.16,0.0,33,129328,卖盘,2005-03-03,sh603200
11:01:04,39.21,0.05,1,3921,买盘,2005-03-03,sh603200
11:01:06,39.21,0.0,4,15674,买盘,2005-03-03,sh603200
11:01:12,39.16,-0.05,3,11748,卖盘,2005-03-03,sh603200
11:01:15,39.21,0.05,34,133237,买盘,2005-03-03,sh603200
11:01:18,39.18,-0.03,20,78352,中性盘,2005-03-03,sh603200
11:01:25,39.21,0.03,21,82315,买盘,2005-03-03,sh603200
11:01:27,39.21,0.0,2,7842,买盘,2005-03-03,sh603200
11:01:31,39.18,-0.03,4,15675,卖盘,2005-03-03,sh603200
11:01:37,39.18,0.0,20,78360,卖盘,2005-03-03,sh603200
11:01:40,39.21,0.03,17,66619,买盘,2005-03-03,sh603200
11:01:46,39.21,0.0,7,27447,买盘,2005-03-03,sh603200
11:01:48,39.21,0.0,27,105867,买盘,2005-03-03,sh603200
11:01:52,39.21,0.0,162,635186,买盘,2005-03-03,sh603200
11:01:54,39.2,-0.01,1,3920,中性盘,2005-03-03,sh603200
11:01:57,39.18,-0.02,6,23510,卖盘,2005-03-03,sh603200
11:02:00,39.2,0.02,1,3920,买盘,2005-03-03,sh603200
11:02:04,39.18,-0.02,9,35262,卖盘,2005-03-03,sh603200
11:02:07,39.2,0.02,3,11760,买盘,2005-03-03,sh603200
11:02:13,39.2,0.0,10,39200,买盘,2005-03-03,sh603200
11:02:16,39.2,0.0,16,62720,买盘,2005-03-03,sh603200
11:02:18,39.18,-0.02,84,329128,卖盘,2005-03-03,sh603200
11:02:22,39.18,0.0,5,19590,买盘,2005-03-03,sh603200
11:02:24,39.17,-0.01,16,62666,卖盘,2005-03-03,sh603200
11:02:28,39.16,-0.01,1,3916,卖盘,2005-03-03,sh603200
11:02:31,39.17,0.01,6,23501,中性盘,2005-03-03,sh603200
11:02:34,39.08,-0.09,88,345820,卖盘,2005-03-03,sh603200
11:02:37,39.08,0.0,2,7816,买盘,2005-03-03,sh603200
11:02:42,39.06,-0.02,10,39060,卖盘,2005-03-03,sh603200
11:02:46,39.0,-0.06,103,401939,卖盘,2005-03-03,sh603200
11:02:49,39.08,0.08,26,101554,买盘,2005-03-03,sh603200
11:02:52,39.0,-0.08,39,152289,卖盘,2005-03-03,sh603200
11:02:55,39.0,0.0,4,15600,卖盘,2005-03-03,sh603200
11:02:57,39.0,0.0,97,378303,卖盘,2005-03-03,sh603200
11:03:00,39.16,0.16,4,15634,买盘,2005-03-03,sh603200
11:03:04,39.01,-0.15,44,171638,卖盘,2005-03-03,sh603200
11:03:07,39.01,0.0,21,81901,买盘,2005-03-03,sh603200
11:03:10,39.0,-0.01,5,19502,卖盘,2005-03-03,sh603200
11:03:12,39.01,0.01,7,27307,买盘,2005-03-03,sh603200
11:03:18,39.01,0.0,45,175555,卖盘,2005-03-03,sh603200
11:03:22,39.01,0.0,2,7802,买盘,2005-03-03,sh603200
11:03:28,39.01,0.0,8,31208,买盘,2005-03-03,sh603200
11:03:30,39.0,-0.01,38,148208,卖盘,2005-03-03,sh603200
11:03:34,39.0,0.0,16,62404,中性盘,2005-03-03,sh603200
11:03:37,38.95,-0.05,85,331239,卖盘,2005-03-03,sh603200
11:03:39,38.95,0.0,2,7790,买盘,2005-03-03,sh603200
11:03:43,39.0,0.05,22,85764,买盘,2005-03-03,sh603200
11:03:46,38.91,-0.09,10,38918,卖盘,2005-03-03,sh603200
11:03:48,38.92,0.01,5,19460,买盘,2005-03-03,sh603200
11:03:51,38.91,-0.01,51,198441,卖盘,2005-03-03,sh603200
11:03:54,38.9,-0.01,45,175103,卖盘,2005-03-03,sh603200
11:03:57,38.92,0.02,45,175092,买盘,2005-03-03,sh603200
11:04:01,38.9,-0.02,67,260630,卖盘,2005-03-03,sh603200
11:04:03,38.88,-0.02,2,7776,卖盘,2005-03-03,sh603200
11:04:07,38.9,0.02,1,3890,买盘,2005-03-03,sh603200
11:04:10,38.88,-0.02,5,19440,卖盘,2005-03-03,sh603200
11:04:12,38.9,0.02,18,70010,买盘,2005-03-03,sh603200
11:04:16,38.88,-0.02,4,15552,卖盘,2005-03-03,sh603200
11:04:19,38.88,0.0,9,34991,卖盘,2005-03-03,sh603200
11:04:22,38.85,-0.03,17,66493,卖盘,2005-03-03,sh603200
11:04:27,38.9,0.05,4,15560,买盘,2005-03-03,sh603200
11:04:31,38.88,-0.02,1,3888,卖盘,2005-03-03,sh603200
11:04:34,38.9,0.02,3,11670,买盘,2005-03-03,sh603200
11:04:39,38.9,0.0,14,54478,卖盘,2005-03-03,sh603200
11:04:43,38.91,0.01,7,27238,中性盘,2005-03-03,sh603200
11:04:46,38.88,-0.03,54,209571,卖盘,2005-03-03,sh603200
11:04:49,38.88,0.0,2,7776,买盘,2005-03-03,sh603200
11:04:52,38.88,0.0,17,66096,买盘,2005-03-03,sh603200
11:04:54,38.87,-0.01,1,3887,中性盘,2005-03-03,sh603200
11:04:57,38.88,0.01,13,50543,买盘,2005-03-03,sh603200
11:05:00,38.85,-0.03,12,46622,卖盘,2005-03-03,sh603200
11:05:03,38.82,-0.03,12,46596,卖盘,2005-03-03,sh603200
11:05:13,38.82,0.0,54,209603,卖盘,2005-03-03,sh603200
11:05:15,38.82,0.0,5,19412,买盘,2005-03-03,sh603200
11:05:18,38.8,-0.02,26,100906,卖盘,2005-03-03,sh603200
11:05:25,38.82,0.02,168,652008,卖盘,2005-03-03,sh603200
11:05:31,38.8,-0.02,20,77613,卖盘,2005-03-03,sh603200
11:05:36,38.8,0.0,26,100880,卖盘,2005-03-03,sh603200
11:05:40,38.8,0.0,20,77602,卖盘,2005-03-03,sh603200
11:05:43,38.8,0.0,6,23280,买盘,2005-03-03,sh603200
11:05:45,38.8,0.0,7,27160,买盘,2005-03-03,sh603200
11:05:48,38.77,-0.03,25,96945,卖盘,2005-03-03,sh603200
11:05:52,38.8,0.03,12,46558,买盘,2005-03-03,sh603200
11:05:54,38.79,-0.01,14,54307,卖盘,2005-03-03,sh603200
11:05:57,38.79,0.0,45,174574,卖盘,2005-03-03,sh603200
11:06:01,38.79,0.0,3,11637,卖盘,2005-03-03,sh603200
11:06:04,38.8,0.01,83,321817,买盘,2005-03-03,sh603200
11:06:07,38.8,0.0,9,34913,买盘,2005-03-03,sh603200
11:06:09,38.8,0.0,5,19400,买盘,2005-03-03,sh603200
11:06:12,38.8,0.0,94,364720,买盘,2005-03-03,sh603200
11:06:15,38.84,0.04,42,162968,买盘,2005-03-03,sh603200
11:06:21,38.84,0.0,11,42724,买盘,2005-03-03,sh603200
11:06:28,38.85,0.01,9,34959,买盘,2005-03-03,sh603200
11:06:30,38.85,0.0,4,15540,卖盘,2005-03-03,sh603200
11:06:33,38.85,0.0,16,62193,卖盘,2005-03-03,sh603200
11:06:37,38.88,0.03,1,3888,买盘,2005-03-03,sh603200
11:06:40,38.88,0.0,17,66051,买盘,2005-03-03,sh603200
11:06:43,38.85,-0.03,2,7770,卖盘,2005-03-03,sh603200
11:06:46,38.88,0.03,6,23328,买盘,2005-03-03,sh603200
11:06:48,38.88,0.0,3,12088,买盘,2005-03-03,sh603200
11:06:51,38.88,0.0,5,19440,卖盘,2005-03-03,sh603200
11:06:55,38.92,0.04,7,27240,买盘,2005-03-03,sh603200
11:06:57,38.92,0.0,6,23344,买盘,2005-03-03,sh603200
11:07:09,38.99,0.07,4,15596,买盘,2005-03-03,sh603200
11:07:15,39.0,0.01,3,11700,买盘,2005-03-03,sh603200
11:07:18,39.0,0.0,12,46800,买盘,2005-03-03,sh603200
11:07:21,39.0,0.0,67,261300,买盘,2005-03-03,sh603200
11:07:24,39.0,0.0,14,54600,买盘,2005-03-03,sh603200
11:07:28,39.0,0.0,4,15601,卖盘,2005-03-03,sh603200
11:07:33,39.0,0.0,8,31204,卖盘,2005-03-03,sh603200
11:07:37,39.01,0.01,10,39010,买盘,2005-03-03,sh603200
